@article{adams2013predictions,
  title = {Predictions Not Commands: Active Inference in the Motor System},
  shorttitle = {Predictions Not Commands},
  author = {Adams, Rick A. and Shipp, Stewart and Friston, Karl J.},
  year = {2013},
  journal = {Brain Structure and Function},
  langid = {english}
}

@inproceedings{bakker2002reinforcement,
  title = {Reinforcement {{Learning}} with {{Long Short-Term Memory}}},
  booktitle = {Advances in {{Neural Information Processing Systems}} 14},
  author = {Bakker, Bram},
  editor = {Dietterich, T. G. and Becker, S. and Ghahramani, Z.},
  year = {2002},
  publisher = {{MIT Press}}
}

@article{becker1973model,
  title = {A {{Model}} for the {{Encoding}} of {{Experiential Information}}. {{Computer Models}} of {{Thought}} and {{Language}}. {{RC Schank}} and {{KM Colby}}},
  author = {Becker, JD},
  year = {1973},
  publisher = {{San Francisco,, WH Freeman: 454 p}}
}

@inproceedings{bengio2013advances,
  title = {Advances in Optimizing Recurrent Networks},
  booktitle = {2013 {{IEEE International Conference}} on {{Acoustics}}, {{Speech}} and {{Signal Processing}}},
  author = {Bengio, Y. and {Boulanger-Lewandowski}, N. and Pascanu, R.},
  year = {2013},
  keywords = {advanced momentum,Biological neural networks,clipping gradients,Computational modeling,credit assignment,deep learning,Entropy,learning (artificial intelligence),long term dependencies,long-term dependencies,music data,optimisation,Optimization,output probability models,Recurrent networks,recurrent neural nets,Recurrent neural networks,recurrent neural networks optimization,representation learning,sparser gradients,symmetry breaking,test error,Training}
}

@book{bianchi2017recurrent,
  title = {Recurrent {{Neural Networks}} for {{Short-Term Load Forecasting}}: {{An Overview}} and {{Comparative Analysis}}},
  shorttitle = {Recurrent {{Neural Networks}} for {{Short-Term Load Forecasting}}},
  author = {Bianchi, Filippo Maria and Maiorino, Enrico and Kampffmeyer, Michael C. and Rizzi, Antonello and Jenssen, Robert},
  year = {2017},
  series = {{{SpringerBriefs}} in {{Computer Science}}},
  publisher = {{Springer International Publishing}},
  address = {{Cham}},
  langid = {english}
}

@article{bubic2010prediction,
  title = {Prediction, Cognition and the Brain},
  author = {Bubic, Andreja and Von Cramon, D. Yves and Schubotz, Ricarda I.},
  year = {2010},
  journal = {Frontiers in Human Neuroscience},
  langid = {english}
}

@article{buckley2017free,
  title = {The Free Energy Principle for Action and Perception: {{A}} Mathematical Review},
  shorttitle = {The Free Energy Principle for Action and Perception},
  author = {Buckley, Christopher L. and Kim, Chang Sub and McGregor, Simon and Seth, Anil K.},
  year = {2017},
  journal = {Journal of Mathematical Psychology}
}

@incollection{butz2003anticipatory,
  title = {Anticipatory {{Behavior}}: {{Exploiting Knowledge About}} the {{Future}} to {{Improve Current Behavior}}},
  shorttitle = {Anticipatory {{Behavior}}},
  booktitle = {Anticipatory {{Behavior}} in {{Adaptive Learning Systems}}: {{Foundations}}, {{Theories}}, and {{Systems}}},
  author = {Butz, Martin V. and Sigaud, Olivier and G{\'e}rard, Pierre},
  editor = {Butz, Martin V. and Sigaud, Olivier and G{\'e}rard, Pierre},
  year = {2003},
  series = {Lecture {{Notes}} in {{Computer Science}}},
  publisher = {{Springer Berlin Heidelberg}},
  address = {{Berlin, Heidelberg}},
  langid = {english}
}

@inproceedings{chandar2019nonsaturating,
  title = {Towards {{Non-saturating Recurrent Units}} for {{Modelling Long-term Dependencies}}},
  booktitle = {{{AAAI}}},
  author = {Chandar, Sarath and Sankar, Chinnadhurai and Vorontsov, Eugene and Kahou, Samira Ebrahimi and Bengio, Yoshua},
  year = {2019},
  eprint = {1902.06704},
  eprinttype = {arxiv},
  archiveprefix = {arXiv}
}

@inproceedings{chen2021decision,
  title = {Decision {{Transformer}}: {{Reinforcement Learning}} via {{Sequence Modeling}}},
  shorttitle = {Decision {{Transformer}}},
  booktitle = {Advances in {{Neural Information Processing Systems}}},
  author = {Chen, Lili and Lu, Kevin and Rajeswaran, Aravind and Lee, Kimin and Grover, Aditya and Laskin, Misha and Abbeel, Pieter and Srinivas, Aravind and Mordatch, Igor},
  year = {2021},
  publisher = {{Curran Associates, Inc.}}
}

@inproceedings{cho2014properties,
  title = {On the {{Properties}} of {{Neural Machine Translation}}: {{Encoder}}\textendash{{Decoder Approaches}}},
  shorttitle = {On the {{Properties}} of {{Neural Machine Translation}}},
  booktitle = {Proceedings of {{SSST-8}}, {{Eighth Workshop}} on {{Syntax}}, {{Semantics}} and {{Structure}} in {{Statistical Translation}}},
  author = {Cho, Kyunghyun and {van Merri{\"e}nboer}, Bart and Bahdanau, Dzmitry and Bengio, Yoshua},
  year = {2014},
  publisher = {{Association for Computational Linguistics}},
  address = {{Doha, Qatar}}
}

@article{chung2014empirical,
  title = {Empirical {{Evaluation}} of {{Gated Recurrent Neural Networks}} on {{Sequence Modeling}}},
  author = {Chung, Junyoung and Gulcehre, Caglar and Cho, KyungHyun and Bengio, Yoshua},
  year = {2014},
  journal = {arXiv:1412.3555 [cs]},
  eprint = {1412.3555},
  eprinttype = {arxiv},
  primaryclass = {cs},
  archiveprefix = {arXiv},
  keywords = {Computer Science - Learning,Computer Science - Neural and Evolutionary Computing}
}

@article{clark2013whatever,
  title = {Whatever next? {{Predictive}} Brains, Situated Agents, and the Future of Cognitive Science},
  shorttitle = {Whatever Next?},
  author = {Clark, Andy},
  year = {2013},
  journal = {Behavioral and Brain Sciences},
  langid = {english},
  keywords = {action,attention,Bayesian brain,expectation,generative model,hierarchy,perception,precision,prediction,prediction error,predictive coding,top-down processing}
}

@book{cunningham2013intelligence,
  title = {Intelligence: {{Its}} Organization and Development},
  author = {Cunningham, Michael},
  year = {2013},
  publisher = {{Elsevier}}
}

@misc{dohare2022continual,
  title = {Continual {{Backprop}}: {{Stochastic Gradient Descent}} with {{Persistent Randomness}}},
  shorttitle = {Continual {{Backprop}}},
  author = {Dohare, Shibhansh and Sutton, Richard S. and Mahmood, A. Rupam},
  year = {2022},
  eprint = {2108.06325},
  eprinttype = {arxiv},
  primaryclass = {cs},
  publisher = {{arXiv}},
  archiveprefix = {arXiv}
}

@book{drescher1991madeup,
  title = {Made-{{Up Minds}} : {{A Constructivist Approach}} to {{Artificial Intelligence}}},
  shorttitle = {Made-{{Up Minds}}},
  author = {Drescher, Gary L.},
  year = {1991},
  series = {Artificial {{Intelligence}}},
  publisher = {{The MIT Press}},
  address = {{Cambridge, Mass}},
  langid = {english},
  keywords = {Artificial intelligence,COMPUTERS / Intelligence (AI) \& Semantics,Concept learning,Human information processing,Schematism (Philosophy)}
}

@inproceedings{espeholt2018impala,
  title = {{{IMPALA}}: {{Scalable Distributed Deep-RL}} with {{Importance Weighted Actor-Learner Architectures}}},
  shorttitle = {{{IMPALA}}},
  booktitle = {Proceedings of the 35th {{International Conference}} on {{Machine Learning}}},
  author = {Espeholt, Lasse and Soyer, Hubert and Munos, Remi and Simonyan, Karen and Mnih, Vlad and Ward, Tom and Doron, Yotam and Firoiu, Vlad and Harley, Tim and Dunning, Iain and Legg, Shane and Kavukcuoglu, Koray},
  year = {2018},
  publisher = {{PMLR}},
  langid = {english}
}

@article{friston2006free,
  title = {A Free Energy Principle for the Brain},
  author = {Friston, Karl and Kilner, James and Harrison, Lee},
  year = {2006},
  journal = {Journal of Physiology-Paris},
  series = {Theoretical and {{Computational Neuroscience}}: {{Understanding Brain Functions}}}
}

@article{friston2009predictive,
  title = {Predictive Coding under the Free-Energy Principle},
  author = {Friston, Karl and Kiebel, Stefan},
  year = {2009},
  journal = {Philosophical Transactions of the Royal Society of London B: Biological Sciences},
  copyright = {\textcopyright{} 2009 The Royal Society},
  langid = {english},
  pmid = {19528002}
}

@article{friston2016active,
  title = {Active {{Inference}}: {{A Process Theory}}},
  shorttitle = {Active {{Inference}}},
  author = {Friston, Karl and FitzGerald, Thomas and Rigoli, Francesco and Schwartenbeck, Philipp and Pezzulo, Giovanni},
  year = {2016},
  journal = {Neural Computation}
}

@article{glukhov2022reward,
  title = {Reward Is Not Enough: Can We Liberate {{AI}} from the Reinforcement Learning Paradigm?},
  shorttitle = {Reward Is Not Enough},
  author = {Glukhov, Vacslav},
  year = {2022},
  journal = {arXiv:2202.03192 [cs]},
  eprint = {2202.03192},
  eprinttype = {arxiv},
  primaryclass = {cs},
  archiveprefix = {arXiv},
  keywords = {Computer Science - Artificial Intelligence,I.2.0}
}

@article{goudreau1994firstorder,
  title = {First-Order versus Second-Order Single-Layer Recurrent Neural Networks},
  author = {Goudreau, M.W. and Giles, C.L. and Chakradhar, S.T. and Chen, D.},
  year = {1994},
  journal = {IEEE Transactions on Neural Networks}
}

@article{hasselt2021expected,
  title = {Expected {{Eligibility Traces}}},
  author = {van Hasselt, Hado and Madjiheurem, Sephora and Hessel, Matteo and Silver, David and Barreto, Andr{\'e} and Borsa, Diana},
  year = {2021},
  journal = {Proceedings of the AAAI Conference on Artificial Intelligence},
  copyright = {Copyright (c) 2021 Association for the Advancement of Artificial Intelligence},
  langid = {english}
}

@inproceedings{hausknecht2015deep,
  title = {Deep {{Recurrent Q-Learning}} for {{Partially Observable MDPs}}},
  booktitle = {2015 {{AAAI Fall Symposium Series}}},
  author = {Hausknecht, Matthew and Stone, Peter},
  year = {2015},
  copyright = {Authors who publish a paper in an  AAAI Technical Report  agree to the following terms:     Author(s) agree to grant to AAAI (1) the perpetual, nonexclusive world rights to use the submitted paper as part of an AAAI publication, in all languages and for all editions. (2) The right to use the paper, together with the author's name and pertinent biographical data, in advertising and promotion of it and the AAAI publication. (3) The right to publish or cause to be published the paper in connection with any republication of the AAAI publication in any medium including electronic. (4) The right to, and authorize others to, publish or cause to be published the paper in whole or in part, individually or in conjunction with other works, in any medium including electronic.   The author(s) warrants that they are the sole author and owner of the copyright in the above article/paper, except for those portions shown to be in quotations; that the article/paper is original throughout; and that the undersigned right to make the grants set forth above is complete and unencumbered.   The author(s) agree that if anyone brings any claim or action alleging facts that, if true, constitute a breach of any of the foregoing warranties, the author(s) will hold harmless and indemnify AAAI, their grantees, their licensees, and their distributors against any liability, whether under judgment, decree, or compromise, and any legal fees and expenses arising out of that claim or actions, and the undersigned will cooperate fully in any defense AAAI may make to such claim or action. Moreover, the undersigned agrees to cooperate in any claim or other action seeking to protect or enforce any right the undersigned has granted to AAAI in the article/paper. If any such claim or action fails because of facts that constitute a breach of any of the foregoing warranties, the undersigned agrees to reimburse whomever brings such claim or action for expenses and attorneys' fees incurred therein.   Author(s) retain all proprietary rights (such as patent rights).   In the event the above article/paper is not accepted and published by AAAI, or is withdrawn by the author(s) before acceptance by AAAI, this agreement becomes null and void.},
  langid = {english}
}

@book{hawkins2004intelligence,
  title = {On Intelligence},
  author = {Hawkins, Jeff and Blakeslee, Sandra},
  year = {2004},
  publisher = {{Macmillan}}
}

@inproceedings{heess2015memorybased,
  title = {Memory-Based Control with Recurrent Neural Networks},
  booktitle = {{{NeurIPS Deep Reinforcement Learning Workshop}}},
  author = {Heess, Nicolas and Hunt, Jonathan J. and Lillicrap, Timothy P. and Silver, David},
  year = {2015},
  eprint = {1512.04455},
  eprinttype = {arxiv},
  archiveprefix = {arXiv},
  keywords = {Computer Science - Learning}
}

@inproceedings{hessel2018rainbow,
  ids = {hessel2017rainbow},
  title = {Rainbow: {{Combining}} Improvements in Deep Reinforcement Learning},
  booktitle = {Thirty-Second {{AAAI}} Conference on Artificial Intelligence},
  author = {Hessel, Matteo and Modayil, Joseph and Van Hasselt, Hado and Schaul, Tom and Ostrovski, Georg and Dabney, Will and Horgan, Dan and Piot, Bilal and Azar, Mohammad and Silver, David},
  year = {2018},
  eprint = {1710.02298},
  eprinttype = {arxiv},
  archiveprefix = {arXiv},
  keywords = {Computer Science - Artificial Intelligence,Computer Science - Machine Learning}
}

@article{hochreiter1997long,
  title = {Long {{Short-Term Memory}}},
  author = {Hochreiter, Sepp and Urgen Schmidhuber, J},
  year = {1997},
  journal = {Neural Computation}
}

@article{huang2011predictive,
  title = {Predictive Coding},
  author = {Huang, Yanping and Rao, Rajesh P. N.},
  year = {2011},
  journal = {Wiley Interdisciplinary Reviews: Cognitive Science},
  copyright = {Copyright \textcopyright{} 2011 John Wiley \& Sons, Ltd.},
  langid = {english}
}

@inproceedings{igl2018deep,
  title = {Deep {{Variational Reinforcement Learning}} for {{POMDPs}}},
  booktitle = {Proceedings of the 35th {{International Conference}} on {{Machine Learning}}},
  author = {Igl, Maximilian and Zintgraf, Luisa and Le, Tuan Anh and Wood, Frank and Whiteson, Shimon},
  year = {2018},
  publisher = {{PMLR}},
  langid = {english}
}

@inproceedings{jaeger2002adaptive,
  title = {Adaptive {{Nonlinear System Identification}} with {{Echo State Networks}}},
  booktitle = {Advances in {{Neural Information Processing Systems}}},
  author = {Jaeger, Herbert},
  year = {2002},
  publisher = {{MIT Press}}
}

@inproceedings{ke2018sparse,
  title = {Sparse {{Attentive Backtracking}}: {{Temporal Credit Assignment Through Reminding}}},
  shorttitle = {Sparse {{Attentive Backtracking}}},
  booktitle = {Advances in {{Neural Information Processing Systems}}},
  author = {Ke, Nan Rosemary and ALIAS PARTH GOYAL, Anirudh Goyal and Bilaniuk, Olexa and Binas, Jonathan and Mozer, Michael C and Pal, Chris and Bengio, Yoshua},
  year = {2018},
  publisher = {{Curran Associates, Inc.}}
}

@inproceedings{littman2002predictive,
  title = {Predictive {{Representations}} of {{State}}},
  booktitle = {Advances in {{Neural Information Processing Systems}} 14},
  author = {Littman, Michael L. and Sutton, Richard S},
  editor = {Dietterich, T. G. and Becker, S. and Ghahramani, Z.},
  year = {2002},
  publisher = {{MIT Press}}
}

@inproceedings{mikolov2010recurrent,
  title = {Recurrent Neural Network Based Language Model.},
  booktitle = {Interspeech},
  author = {Mikolov, Tomas and Karafi{\'a}t, Martin and Burget, Lukas and Cernock{\`y}, Jan and Khudanpur, Sanjeev},
  year = {2010},
  organization = {{Makuhari}}
}

@inproceedings{mishra2018simple,
  title = {A {{Simple Neural Attentive Meta-Learner}}},
  booktitle = {International {{Conference}} on {{Learning Representations}}},
  author = {Mishra, Nikhil and Rohaninejad, Mostafa and Chen, Xi and Abbeel, Pieter},
  year = {2018},
  langid = {english}
}

@article{mnih2015humanlevel,
  title = {Human-Level Control through Deep Reinforcement Learning},
  author = {Mnih, Volodymyr and Kavukcuoglu, Koray and Silver, David and Rusu, Andrei A. and Veness, Joel and Bellemare, Marc G. and Graves, Alex and Riedmiller, Martin and Fidjeland, Andreas K. and Ostrovski, Georg and Petersen, Stig and Beattie, Charles and Sadik, Amir and Antonoglou, Ioannis and King, Helen and Kumaran, Dharshan and Wierstra, Daan and Legg, Shane and Hassabis, Demis},
  year = {2015},
  journal = {Nature},
  copyright = {2015 Nature Publishing Group},
  langid = {english}
}

@article{modayil2014multitimescale,
  title = {Multi-Timescale {{Nexting}} in a {{Reinforcement Learning Robot}}},
  author = {Modayil, Joseph and White, Adam and Sutton, Richard S},
  year = {2014},
  journal = {Adaptive Behavior}
}

@inproceedings{mozer1991induction,
  title = {Induction of {{Multiscale Temporal Structure}}},
  booktitle = {Advances in {{Neural Information Processing Systems}}},
  author = {Mozer, Michael C},
  year = {1991},
  publisher = {{Morgan-Kaufmann}}
}

@inproceedings{mozer1993neural,
  title = {Neural Net Architectures for Temporal Sequence Processing},
  booktitle = {Santa Fe Institute Studies in the Sciences of Complexity-Proceedings Volume-},
  author = {Mozer, Michael C},
  year = {1993},
  organization = {{ADDISON-WESLEY PUBLISHING CO}}
}

@article{mozer1995focused,
  title = {A Focused Backpropagation Algorithm for Temporal},
  author = {Mozer, Michael C},
  year = {1995},
  journal = {Backpropagation: Theory, architectures, and applications}
}

@incollection{oh2015actionconditional,
  title = {Action-{{Conditional Video Prediction}} Using {{Deep Networks}} in {{Atari Games}}},
  booktitle = {Advances in {{Neural Information Processing Systems}} 28},
  author = {Oh, Junhyuk and Guo, Xiaoxiao and Lee, Honglak and Lewis, Richard L and Singh, Satinder},
  editor = {Cortes, C. and Lawrence, N. D. and Lee, D. D. and Sugiyama, M. and Garnett, R.},
  year = {2015},
  publisher = {{Curran Associates, Inc.}}
}

@inproceedings{onat1998recurrent,
  title = {Recurrent Neural Networks for Reinforcement Learning: Architecture, Learning Algorithms and Internal Representation},
  shorttitle = {Recurrent Neural Networks for Reinforcement Learning},
  booktitle = {1998 {{IEEE International Joint Conference}} on {{Neural Networks Proceedings}}. {{IEEE World Congress}} on {{Computational Intelligence}} ({{Cat}}. {{No}}.{{98CH36227}})},
  author = {Onat, A. and Kita, H. and Nishikawa, Y.},
  year = {1998}
}

@article{orlandi2018predictive,
  title = {Predictive Perceptual Systems},
  author = {Orlandi, Nico},
  year = {2018},
  journal = {Synthese},
  langid = {english}
}

@inproceedings{parisotto2020stabilizing,
  title = {Stabilizing {{Transformers}} for {{Reinforcement Learning}}},
  booktitle = {Proceedings of the 37th {{International Conference}} on {{Machine Learning}}},
  author = {Parisotto, Emilio and Song, Francis and Rae, Jack and Pascanu, Razvan and Gulcehre, Caglar and Jayakumar, Siddhant and Jaderberg, Max and Kaufman, Rapha{\"e}l Lopez and Clark, Aidan and Noury, Seb and Botvinick, Matthew and Heess, Nicolas and Hadsell, Raia},
  year = {2020},
  publisher = {{PMLR}},
  langid = {english}
}

@inproceedings{pascanu2013difficulty,
  title = {On the Difficulty of Training Recurrent Neural Networks},
  booktitle = {Proceedings of the 30th {{International Conference}} on {{Machine Learning}}},
  author = {Pascanu, Razvan and Mikolov, Tomas and Bengio, Yoshua},
  year = {2013},
  publisher = {{PMLR}},
  langid = {english}
}

@book{pezzulo2008challenge,
  title = {The {{Challenge}} of {{Anticipation}}: {{A Unifying Framework}} for the {{Analysis}} and {{Design}} of {{Artificial Cognitive Systems}}},
  shorttitle = {The {{Challenge}} of {{Anticipation}}},
  author = {Pezzulo, Giovanni and Butz, Martin V. and Castelfranchi, Cristiano and Falcone, Rino},
  year = {2008},
  publisher = {{Springer}},
  googlebooks = {v3NqCQAAQBAJ},
  langid = {english}
}

@article{rafiee2022eyeblinks,
  title = {From Eye-Blinks to State Construction: {{Diagnostic}} Benchmarks for Online Representation Learning},
  shorttitle = {From Eye-Blinks to State Construction},
  author = {Rafiee, Banafsheh and Abbas, Zaheer and Ghiassian, Sina and Kumaraswamy, Raksha and Sutton, Richard S and Ludvig, Elliot A and White, Adam},
  year = {2022},
  journal = {Adaptive Behavior},
  publisher = {{SAGE Publications Ltd STM}},
  langid = {english}
}

@inproceedings{rafols2006temporal,
  title = {Temporal {{Abstraction}} in {{Temporal-difference Networks}}},
  booktitle = {Advances in {{Neural Information Processing Systems}} 18},
  author = {Rafols, Eddie and Koop, Anna and Sutton, Richard S},
  editor = {Weiss, Y. and Sch{\"o}lkopf, B. and Platt, J. C.},
  year = {2006},
  publisher = {{MIT Press}}
}

@article{rao1999predictive,
  title = {Predictive Coding in the Visual Cortex: A Functional Interpretation of Some Extra-Classical Receptive-Field Effects},
  shorttitle = {Predictive Coding in the Visual Cortex},
  author = {Rao, Rajesh P. N. and Ballard, Dana H.},
  year = {1999},
  journal = {Nature Neuroscience},
  copyright = {1999 Nature America Inc.},
  langid = {english}
}

@inproceedings{saon2017english,
  title = {English Conversational Telephone Speech Recognition by Humans and Machines},
  booktitle = {Proc. {{Interspeech}} 2017},
  author = {Saon, George and Kurata, Gakuto and Sercu, Tom and Audhkhasi, Kartik and Thomas, Samuel and Dimitriadis, Dimitrios and Cui, Xiaodong and Ramabhadran, Bhuvana and Picheny, Michael and Lim, Lynn-Li and Roomi, Bergul and Hall, Phil},
  year = {2017}
}

@inproceedings{schaefer2007recurrent,
  title = {A {{Recurrent Control Neural Network}} for {{Data Efficient Reinforcement Learning}}},
  booktitle = {2007 {{IEEE International Symposium}} on {{Approximate Dynamic Programming}} and {{Reinforcement Learning}}},
  author = {Schaefer, Anton Maximilian and Udluft, Steffen and Zimmermann, Hans-Georg},
  year = {2007}
}

@article{schutz-bosbach2007prospective,
  title = {Prospective Coding in Event Representation},
  author = {{Sch{\"u}tz-Bosbach}, Simone and Prinz, Wolfgang},
  year = {2007},
  journal = {Cognitive Processing},
  langid = {english}
}

@article{silver2021reward,
  title = {Reward Is Enough},
  author = {Silver, David and Singh, Satinder and Precup, Doina and Sutton, Richard S.},
  year = {2021},
  journal = {Artificial Intelligence},
  langid = {english}
}

@inproceedings{singh2004predictive,
  title = {Predictive {{State Representations}}: {{A New Theory}} for {{Modeling Dynamical Systems}}},
  shorttitle = {Predictive {{State Representations}}},
  booktitle = {Proceedings of the 20th {{Conference}} on {{Uncertainty}} in {{Artificial Intelligence}}},
  author = {Singh, Satinder and James, Michael R. and Rudary, Matthew R.},
  year = {2004},
  series = {{{UAI}} '04},
  publisher = {{AUAI Press}},
  address = {{Arlington, Virginia, United States}}
}

@article{sodhani2020training,
  title = {Toward {{Training Recurrent Neural Networks}} for {{Lifelong Learning}}},
  author = {Sodhani, Shagun and Chandar, Sarath and Bengio, Yoshua},
  year = {2020},
  journal = {Neural Computation}
}

@article{spratling2017review,
  title = {A Review of Predictive Coding Algorithms},
  author = {Spratling, M. W.},
  year = {2017},
  journal = {Brain and Cognition},
  series = {Perspectives on {{Human Probabilistic Inferences}} and the '{{Bayesian Brain}}'}
}

@article{srinivasan1982predictive,
  title = {Predictive Coding: A Fresh View of Inhibition in the Retina},
  shorttitle = {Predictive Coding},
  author = {Srinivasan, Mandyam Veerambudi and Laughlin, Simon Barry and Dubs, A. and Horridge, George Adrian},
  year = {1982},
  journal = {Proceedings of the Royal Society of London. Series B. Biological Sciences},
  publisher = {{Royal Society}}
}

@inproceedings{sutskever2011generating,
  title = {Generating Text with Recurrent Neural Networks},
  booktitle = {Proceedings of the 28th {{International Conference}} on {{International Conference}} on {{Machine Learning}}},
  author = {Sutskever, Ilya and Martens, James and Hinton, Geoffrey},
  year = {2011},
  series = {{{ICML}}'11},
  publisher = {{Omnipress}},
  address = {{Bellevue, Washington, USA}}
}

@incollection{sutton1995td,
  title = {{{TD Models}}: {{Modeling}} the {{World}} at a {{Mixture}} of {{Time Scales}}},
  shorttitle = {{{TD Models}}},
  booktitle = {Machine {{Learning Proceedings}} 1995},
  author = {Sutton, Richard S.},
  editor = {Prieditis, Armand and Russell, Stuart},
  year = {1995},
  publisher = {{Morgan Kaufmann}},
  address = {{San Francisco (CA)}},
  langid = {english}
}

@inproceedings{sutton2005temporaldifference,
  title = {Temporal-{{Difference Networks}}},
  booktitle = {Advances in {{Neural Information Processing Systems}} 17},
  author = {Sutton, Richard S and Tanner, Brian},
  editor = {Saul, L. K. and Weiss, Y. and Bottou, L.},
  year = {2005},
  publisher = {{MIT Press}}
}

@inproceedings{sutton2011horde,
  title = {Horde: {{A Scalable Real-time Architecture}} for {{Learning Knowledge}} from {{Unsupervised Sensorimotor Interaction}}},
  shorttitle = {Horde},
  booktitle = {The 10th {{International Conference}} on {{Autonomous Agents}} and {{Multiagent Systems}} - {{Volume}} 2},
  author = {Sutton, Richard S. and Modayil, Joseph and Delp, Michael and Degris, Thomas and Pilarski, Patrick M. and White, Adam and Precup, Doina},
  year = {2011},
  series = {{{AAMAS}} '11},
  publisher = {{International Foundation for Autonomous Agents and Multiagent Systems}},
  address = {{Richland, SC}},
  keywords = {artificial intelligence,knowledge representation,off-policy learning,real-time,reinforcement learning,robotics,temporal-difference learning,value function approximation}
}

@article{tanner2005td,
  title = {{{TD}}({$\lambda$}) Networks: {{Temporal-difference}} Networks with Eligibility Traces},
  author = {Tanner, Brian and Sutton, Richard S.},
  year = {2005},
  journal = {Proceedings of the 22nd International Conference on Machine Learning (ICML)},
  keywords = {Algorithms,Computation theory,Conventional TD learning,Costs,Learning systems,Numerical analysis,Temporal-difference networks}
}

@article{tanner2005temporal,
  title = {Temporal-{{Difference Networks}} with {{History}}.},
  author = {Tanner, Brian and Sutton, Richard S},
  year = {2005},
  journal = {IJCAI}
}

@article{tanner2005thesis,
  title = {Temporal-Difference Networks},
  author = {Tanner, Brian Timothy},
  year = {2005}
}

@inproceedings{vaswani2017attention,
  title = {Attention Is All You Need},
  booktitle = {Proceedings of the 31st {{International Conference}} on {{Neural Information Processing Systems}}},
  author = {Vaswani, Ashish and Shazeer, Noam and Parmar, Niki and Uszkoreit, Jakob and Jones, Llion and Gomez, Aidan N. and Kaiser, {\L}ukasz and Polosukhin, Illia},
  year = {2017},
  series = {{{NIPS}}'17},
  publisher = {{Curran Associates Inc.}},
  address = {{Red Hook, NY, USA}}
}

@article{vinyals2019grandmaster,
  title = {Grandmaster Level in {{StarCraft II}} Using Multi-Agent Reinforcement Learning},
  author = {Vinyals, Oriol and Babuschkin, Igor and Czarnecki, Wojciech M. and Mathieu, Micha{\"e}l and Dudzik, Andrew and Chung, Junyoung and Choi, David H. and Powell, Richard and Ewalds, Timo and Georgiev, Petko and Oh, Junhyuk and Horgan, Dan and Kroiss, Manuel and Danihelka, Ivo and Huang, Aja and Sifre, Laurent and Cai, Trevor and Agapiou, John P. and Jaderberg, Max and Vezhnevets, Alexander S. and Leblond, R{\'e}mi and Pohlen, Tobias and Dalibard, Valentin and Budden, David and Sulsky, Yury and Molloy, James and Paine, Tom L. and Gulcehre, Caglar and Wang, Ziyu and Pfaff, Tobias and Wu, Yuhuai and Ring, Roman and Yogatama, Dani and W{\"u}nsch, Dario and McKinney, Katrina and Smith, Oliver and Schaul, Tom and Lillicrap, Timothy and Kavukcuoglu, Koray and Hassabis, Demis and Apps, Chris and Silver, David},
  year = {2019},
  journal = {Nature}
}

@inproceedings{wang2016largercontext,
  title = {Larger-Context Language Modelling with Recurrent Neural Network},
  booktitle = {Proceedings of the 54th Annual Meeting of the Association for Computational Linguistics, {{ACL}} 2016, August 7-12, 2016, Berlin, Germany, Volume 1: {{Long}} Papers},
  author = {Wang, Tian and Cho, Kyunghyun},
  year = {2016},
  publisher = {{The Association for Computer Linguistics}}
}

@inproceedings{wang2018eidetic,
  title = {Eidetic {{3D LSTM}}: {{A}} Model for Video Prediction and Beyond},
  booktitle = {International Conference on Learning Representations},
  author = {Wang, Yunbo and Jiang, Lu and Yang, Ming-Hsuan and Li, Li-Jia and Long, Mingsheng and {Fei-Fei}, Li},
  year = {2018}
}

@phdthesis{white2015developing,
  title = {Developing a Predictive Approach to Knowledge},
  author = {White, Adam},
  year = {2015},
  school = {University of Alberta}
}

@inproceedings{wierstra2007solving,
  title = {Solving {{Deep Memory POMDPs}} with {{Recurrent Policy Gradients}}},
  booktitle = {Artificial {{Neural Networks}} \textendash{} {{ICANN}} 2007},
  author = {Wierstra, Daan and Foerster, Alexander and Peters, Jan and Schmidhuber, J{\"u}rgen},
  editor = {{de S{\'a}}, Joaquim Marques and Alexandre, Lu{\'i}s A. and Duch, W{\l}odzis{\l}aw and Mandic, Danilo},
  year = {2007},
  series = {Lecture {{Notes}} in {{Computer Science}}},
  publisher = {{Springer}},
  address = {{Berlin, Heidelberg}},
  langid = {english}
}

@incollection{wu2016multiplicative,
  title = {On {{Multiplicative Integration}} with {{Recurrent Neural Networks}}},
  booktitle = {Advances in {{Neural Information Processing Systems}} 29},
  author = {Wu, Yuhuai and Zhang, Saizheng and Zhang, Ying and Bengio, Yoshua and Salakhutdinov, Russ R},
  editor = {Lee, D. D. and Sugiyama, M. and Luxburg, U. V. and Guyon, I. and Garnett, R.},
  year = {2016},
  publisher = {{Curran Associates, Inc.}}
}

@article{zhu2018improving,
  title = {On {{Improving Deep Reinforcement Learning}} for {{POMDPs}}},
  author = {Zhu, Pengfei and Li, Xin and Poupart, Pascal and Miao, Guanghui},
  year = {2018},
  journal = {arXiv:1704.07978 [cs]},
  eprint = {1704.07978},
  eprinttype = {arxiv},
  primaryclass = {cs},
  archiveprefix = {arXiv}
}

