
%%%%%%%%%%%%%%%%%%%%%%%%%%%%%%%%%%%%%%%%%%%%%%%%%%%%%%%%%%%%
%
%                       My Papers
%
%%%%%%%%%%%%%%%%%%%%%%%%%%%%%%%%%%%%%%%%%%%%%%%%%%%%%%%%%%%%

@inproceedings{schlegel2017stable,
  title={{Stable predictive representations with general value functions for continual learning}},
  author={Schlegel, Matthew and White, Adam and White, Martha},
  booktitle={Continual Learning and Deep Networks workshop at the Neural Information Processing System Conference},
  year={2017}
}

@article{kumaraswamy2018context,
  title={Context-dependent upper-confidence bounds for directed exploration},
  author={Kumaraswamy, Raksha and Schlegel, Matthew and White, Adam and White, Martha},
  journal={Advances in Neural Information Processing Systems},
  volume={32},
  year={2018}
}

@inproceedings{schlegel2018discover,
  title={{A Baseline of Discovery for General Value Function Networks under Partial Observability}},
  author={Schlegel, Matthew and White, Adam and White, Martha},
  booktitle={Workshop on Reinforcement Learning under Partial Observability at Neural Information Processing System Conference},
  year={2018}
}

@article{schlegel2019importance,
  title={Importance resampling for off-policy prediction},
  author={Schlegel, Matthew and Chung, Wesley and Graves, Daniel and Qian, Jian and White, Martha},
  journal={arXiv preprint arXiv:1906.04328},
  year={2019}
}

@inproceedings{jacobsen2019meta,
  title={Meta-descent for online, continual prediction},
  author={Jacobsen, Andrew and Schlegel, Matthew and Linke, Cameron and Degris, Thomas and White, Adam and White, Martha},
  booktitle={Proceedings of the AAAI Conference on Artificial Intelligence},
  volume={33},
  number={01},
  pages={3943--3950},
  year={2019}
}

@article{schlegel2021general,
  title={General value function networks},
  author={Schlegel, Matthew and Jacobsen, Andrew and Abbas, Zaheer and Patterson, Andrew and White, Adam and White, Martha},
  journal={Journal of Artificial Intelligence Research},
  volume={70},
  pages={497--543},
  year={2021}
}

@article{gupta2021structural,
  title={Structural Credit Assignment in Neural Networks using Reinforcement Learning},
  author={Gupta, Dhawal and Mihucz, Gabor and Schlegel, Matthew and Kostas, James and Thomas, Philip S and White, Martha},
  journal={Advances in Neural Information Processing Systems},
  volume={34},
  year={2021}
}

@article{mcleod2021continual,
  title={Continual Auxiliary Task Learning},
  author={McLeod, Matthew and Lo, Chunlok and Schlegel, Matthew and Jacobsen, Andrew and Kumaraswamy, Raksha and White, Martha and White, Adam},
  journal={Advances in Neural Information Processing Systems},
  volume={34},
  year={2021}
}

@inproceedings{schlegel2022prediction,
title={Predictions Predicting Predictions},
author={Schlegel, Matthew and White, Martha},
booktitle={Interdisciplinary conference on Reinforcement Learning and Decision Making},
year={2022}
}

@article{schlegel2022investigating,
  title={Investigating Action Encodings in Recurrent Networks for RL},
  author={Schlegel, Matthew and Tkachuk, Volodymyr and White, Martha},
  journal={In submission},
  year={2022}
}


%%%%%%%
%
% Philosophy
%
%%%%%%%

@article{silver2021reward,
  title={Reward is enough},
  author={Silver, David and Singh, Satinder and Precup, Doina and Sutton, Richard S},
  journal={Artificial Intelligence},
  volume={299},
  pages={103535},
  year={2021},
  publisher={Elsevier}
}

%%%%%%%
%
% General
%
%%%%%%%



%%%%%%%
%
% Predictive Perspective
%
%%%%%%%

@book{Cunninghambook,
author = {Cunningham, Michael},
title = {{Intelligence: Its Organization and Development}},
publisher = {Academic Press.},
year = {1972}
}

@article{becker1973model,
author = {Becker, Joseph D},
title = {{A model for the encoding of experiential information}},
journal = {Computer Models of Thought and Language},
year = {1973}
}

@book{drescher1991made,
author = {Drescher, Gary L},
title = {{Made-up minds: a constructivist approach to artificial intelligence}},
publisher = {MIT press},
year = {1991}
}


@article{srinivasan1982,
  title = {Predictive Coding: A Fresh View of Inhibition in the Retina},
  shorttitle = {Predictive Coding},
  author = {Srinivasan, Mandyam Veerambudi and Laughlin, Simon Barry and Dubs, A. and Horridge, George Adrian},
  year = {1982},
  journal = {Proceedings of the Royal Society of London. Series B. Biological Sciences},
  publisher = {{Royal Society}}
}

@article{rao1999predictive,
  title={Predictive coding in the visual cortex: a functional interpretation of some extra-classical receptive-field effects},
  author={Rao, Rajesh PN and Ballard, Dana H},
  journal={Nature neuroscience},
  volume={2},
  number={1},
  pages={79--87},
  year={1999},
  publisher={Nature Publishing Group}
}

@article{huang2011predictive,
  title={Predictive coding},
  author={Huang, Yanping and Rao, Rajesh PN},
  journal={Wiley Interdisciplinary Reviews: Cognitive Science},
  volume={2},
  number={5},
  pages={580--593},
  year={2011},
  publisher={Wiley Online Library}
}

@article{bubic2010prediction,
  title={Prediction, cognition and the brain},
  author={Bubic, Andreja and Von Cramon, D Yves and Schubotz, Ricarda I},
  journal={Frontiers in human neuroscience},
  volume={4},
  pages={25},
  year={2010},
  publisher={Frontiers}
}

@article{clark2013whatever,
  title={Whatever next? Predictive brains, situated agents, and the future of cognitive science},
  author={Clark, Andy},
  journal={Behavioral and brain sciences},
  volume={36},
  number={3},
  pages={181--204},
  year={2013},
  publisher={Cambridge University Press}
}

@book{hawkins2004intelligence,
  title={On intelligence},
  author={Hawkins, Jeff and Blakeslee, Sandra},
  year={2004},
  publisher={Macmillan}
}

@book{pezzulo2008challenge,
  title={The challenge of anticipation: A unifying framework for the analysis and design of artificial cognitive systems},
  author={Pezzulo, Giovanni and Butz, Martin V and Castelfranchi, Cristiano and Falcone, Rino},
  volume={5225},
  year={2008},
  publisher={Springer}
}

@incollection{butz2003anticipatory,
  title={Anticipatory behavior: Exploiting knowledge about the future to improve current behavior},
  author={Butz, Martin V and Sigaud, Olivier and G{\'e}rard, Pierre},
  booktitle={Anticipatory behavior in adaptive learning systems},
  pages={1--10},
  year={2003},
  publisher={Springer}
}

@article{schutz2007prospective,
  title={Prospective coding in event representation},
  author={Sch{\"u}tz-Bosbach, Simone and Prinz, Wolfgang},
  journal={Cognitive processing},
  volume={8},
  number={2},
  pages={93--102},
  year={2007},
  publisher={Springer}
}


@article{orlandi2018predictive,
  title = {Predictive Perceptual Systems},
  author = {Orlandi, Nico},
  year = {2018},
  journal = {Synthese},
  langid = {english}
}

@article{spratling2017a,
  title = {A Review of Predictive Coding Algorithms},
  author = {Spratling, M. W.},
  year = {2017},
  journal = {Brain and Cognition},
  series = {Perspectives on {{Human Probabilistic Inferences}} and the '{{Bayesian Brain}}'}
}


@article{friston2006,
  title = {A Free Energy Principle for the Brain},
  author = {Friston, Karl and Kilner, James and Harrison, Lee},
  year = {2006},
  journal = {Journal of Physiology-Paris},
  series = {Theoretical and {{Computational Neuroscience}}: {{Understanding Brain Functions}}}
}

@article{feldman2010,
  title = {Attention, {{Uncertainty}}, and {{Free-Energy}}},
  author = {Feldman, Harriet and Friston, Karl},
  year = {2010},
  journal = {Frontiers in Human Neuroscience},
  langid = {english},
  keywords = {Attention,Bayesian,Biased Competition,free-energy,Generative models,Perception,predictive coding}
}

@article{buckley2017,
  title = {The Free Energy Principle for Action and Perception: {{A}} Mathematical Review},
  shorttitle = {The Free Energy Principle for Action and Perception},
  author = {Buckley, Christopher L. and Kim, Chang Sub and McGregor, Simon and Seth, Anil K.},
  year = {2017},
  journal = {Journal of Mathematical Psychology}
}




@article{friston2016,
  title = {Active {{Inference}}: {{A Process Theory}}},
  shorttitle = {Active {{Inference}}},
  author = {Friston, Karl and FitzGerald, Thomas and Rigoli, Francesco and Schwartenbeck, Philipp and Pezzulo, Giovanni},
  year = {2016},
  journal = {Neural Computation}
}






% RL Predictions

@inproceedings{sutton2011horde,
author = {Sutton, Richard S and Modayil, J and Delp, M and Degris, T and Pilarski, P.M. and White, A and Precup, D},
title = {{Horde: A scalable real-time architecture for learning knowledge from unsupervised sensorimotor interaction}},
booktitle = {International Conference on Autonomous Agents and Multiagent Systems},
year = {2011}
}

@phdthesis{white2015thesis,
author = {White, Adam},
title = {{Developing a predictive approach to knowledge}},
school = {University of Alberta},
year = {2015}
}


% Pred Reps:

@inproceedings{littman2001predictive,
author = {Littman, Michael L and Sutton, Richard S and Singh, S},
title = {{Predictive representations of state}},
booktitle = {Advances in Neural Information Processing Systems},
year = {2001}
}

@inproceedings{singh2004predictive,
author = {Singh, Satinder and James, Michael R and Rudary, Matthew R},
title = {{Predictive state representations: a new theory for modeling dynamical systems}},
booktitle = {Conference on Uncertainty in Artificial Intelligence},
year = {2004}
}


@inproceedings{tanner2005temporal,
author = {Tanner, B and Sutton, Richard S},
title = {{Temporal-Difference Networks with History.}},
booktitle = {International Joint Conference on Artificial Intelligence},
year = {2005}
}

@inproceedings{sutton2004temporal,
author = {Sutton, Richard S and Tanner, Brian},
title = {{Temporal-Difference Networks}},
booktitle = {Advances in Neural Information Processing Systems},
year = {2004}
}

@phdthesis{tanner2005thesis,
author = {Tanner, Brian},
title = {{Temporal-difference Networks}},
school = {University of Alberta},
year = {2005}
}

@inproceedings{sutton2005temporal,
author = {Sutton, Richard S and Rafols, Eddie J and Koop, Anna},
title = {{Temporal Abstraction in Temporal-difference Networks.}},
booktitle = {Advances in Neural Information Processing Systems},
year = {2005}
}

%%%%%%%
%
% RNNs
%
%%%%%%%

%%% Recurrent networks generally

@article{goudreau1994,
  title = {First-Order versus Second-Order Single-Layer Recurrent Neural Networks},
  author = {Goudreau, M.W. and Giles, C.L. and Chakradhar, S.T. and Chen, D.},
  year = {1994},
  journal = {IEEE Transactions on Neural Networks}
}

@inproceedings{sutskever2011,
  title = {Generating Text with Recurrent Neural Networks},
  booktitle = {{{International Conference}} on {{Machine Learning}}},
  author = {Sutskever, Ilya and Martens, James and Hinton, Geoffrey},
  year = {2011},
}

@inproceedings{pascanu2013difficulty,
  title={On the difficulty of training recurrent neural networks},
  author={Pascanu, Razvan and Mikolov, Tomas and Bengio, Yoshua},
  booktitle={International Conference on Machine Learning},
  year=2013,
}

%%% Mozer

@article{mozer1991induction,
  title={Induction of multiscale temporal structure},
  author={Mozer, Michael C},
  journal={Advances in Neural Information Processing Systems},
  volume={4},
  year={1991}
}

@inproceedings{mozer1993neural,
  title={Neural net architectures for temporal sequence processing},
  author={Mozer, Michael C},
  booktitle={Santa Fe Institute Studies in the Sciences of Complexity-Proceedings Volume-},
  volume={15},
  pages={243--243},
  year={1993},
}

@article{mozer1995focused,
  title={A focused backpropagation algorithm for temporal},
  author={Mozer, Michael C},
  journal={Backpropagation: Theory, architectures, and applications},
  volume={137},
  year={1995}
}

@inproceedings{mikolov2010recurrent,
  title={Recurrent neural network based language model},
  author={Mikolov, Tom{\'a}{\v{s}} and Karafi{\'a}t, Martin and Burget, Luk{\'a}{\v{s}} and {\v{C}}ernock{\`{y}}, Jan and Khudanpur, Sanjeev},
  booktitle={Eleventh Annual Conference of the International Speech Communication Association},
  year={2010}
}

@inproceedings{tiang2016,
title = {Larger-context language modelling with recurrent neural network},
author = {Tian Wang and Kyunghyun Cho},
year = {2016},
series = {54th Annual Meeting of the Association for Computational Linguistics},
booktitle = {54th Annual Meeting of the Association for Computational Linguistics},
}

@inproceedings{Saon2017,
  author={George Saon and Gakuto Kurata and Tom Sercu and Kartik Audhkhasi and Samuel Thomas and Dimitrios Dimitriadis and Xiaodong Cui and Bhuvana Ramabhadran and Michael Picheny and Lynn-Li Lim and Bergul Roomi and Phil Hall},
  title={English Conversational Telephone Speech Recognition by Humans and Machines},
  year=2017,
  booktitle={Proc. Interspeech 2017},
}

@inproceedings{wang2018eidetic,
  title={Eidetic 3d lstm: A model for video prediction and beyond},
  author={Wang, Yunbo and Jiang, Lu and Yang, Ming-Hsuan and Li, Li-Jia and Long, Mingsheng and Fei-Fei, Li},
  booktitle={International Conference on Learning Representations},
  year={2018}
}

@article{hochreiter1997,
author = {Hochreiter, Sepp and Schmidhuber, J{\"u}rgen},
title = {{Long Short-Term Memory}},
journal = {Neural Computation},
year = 1997
}

@inproceedings{sutskever2011,
  title = {Generating Text with Recurrent Neural Networks},
  booktitle = {{{International Conference}} on {{Machine Learning}}},
  author = {Sutskever, Ilya and Martens, James and Hinton, Geoffrey},
  year = {2011},
}

@inproceedings{cho2014,
  title = {On the {{Properties}} of {{Neural Machine Translation}}: {{Encoder}}\textendash{{Decoder Approaches}}},
  shorttitle = {On the {{Properties}} of {{Neural Machine Translation}}},
  booktitle = {Proceedings of {{SSST}}-8, {{Eighth Workshop}} on {{Syntax}}, {{Semantics}} and {{Structure}} in {{Statistical Translation}}},
  author = {Cho, Kyunghyun and {van Merri{\"e}nboer}, Bart and Bahdanau, Dzmitry and Bengio, Yoshua},
  year = {2014},
}

@inproceedings{chung2014empirical,
  title={Empirical evaluation of gated recurrent neural networks on sequence modeling},
  author={Chung, Junyoung and Gulcehre, Caglar and Cho, Kyunghyun and Bengio, Yoshua},
  booktitle={NeurIPS 2014 Workshop on Deep Learning, December 2014},
  year={2014}
}

@article{chandar2019,
  title = {Towards {{Non}}-Saturating {{Recurrent Units}} for {{Modelling Long}}-Term {{Dependencies}}},
  journal={Proceedings of the Association for the Advancement of AI Conference on Artificial Intelligence},
  author = {Chandar, Sarath and Sankar, Chinnadhurai and Vorontsov, Eugene and Kahou, Samira Ebrahimi and Bengio, Yoshua},
  year = 2019
}

@incollection{wu2016,
  title = {On {{Multiplicative Integration}} with {{Recurrent Neural Networks}}},
  booktitle = {Advances in {{Neural Information Processing Systems}} 29},
  author = {Wu, Yuhuai and Zhang, Saizheng and Zhang, Ying and Bengio, Yoshua and Salakhutdinov, Russ R},
  editor = {Lee, D. D. and Sugiyama, M. and Luxburg, U. V. and Guyon, I. and Garnett, R.},
  year = {2016},
}

@article{goudreau1994,
  title = {First-Order versus Second-Order Single-Layer Recurrent Neural Networks},
  author = {Goudreau, M.W. and Giles, C.L. and Chakradhar, S.T. and Chen, D.},
  year = {1994},
  journal = {IEEE Transactions on Neural Networks}
}

@article{zhu2017improving,
  title={On improving deep reinforcement learning for pomdps},
  author={Zhu, Pengfei and Li, Xin and Poupart, Pascal and Miao, Guanghui},
  journal={arXiv preprint arXiv:1704.07978},
  year={2017}
}

@inproceedings{igl2018deep,
  title={Deep variational reinforcement learning for POMDPs},
  author={Igl, Maximilian and Zintgraf, Luisa and Le, Tuan Anh and Wood, Frank and Whiteson, Shimon},
  booktitle={International Conference on Machine Learning},
  pages={2117--2126},
  year={2018},
  organization={PMLR}
}

@article{mozer1995focused,
  title={A focused backpropagation algorithm for temporal},
  author={Mozer, Michael C},
  journal={Backpropagation: Theory, architectures, and applications},
  year={1995}
}

@article{bianchi2017overview,
author = {Bianchi, Filippo Maria and Maiorino, Enrico and Kampffmeyer, Michael C and Rizzi, Antonello and Jenssen, Robert},
title = {{An overview and comparative analysis of Recurrent Neural Networks for Short Term Load Forecasting.}},
journal = {arXiv:1705.04378},
year = {2017}
}






%%% Recurrent networks in RL
@inproceedings{wierstra2007solving,
  title={Solving deep memory POMDPs with recurrent policy gradients},
  author={Wierstra, Daan and Foerster, Alexander and Peters, Jan and Schmidhuber, Juergen},
  booktitle={International Conference on Artificial Neural Networks},
  year={2007},
}

@inproceedings{schaefer2007recurrent,
  title={A recurrent control neural network for data efficient reinforcement learning},
  author={Schaefer, Anton Maximilian and Udluft, Steffen and Zimmermann, Hans-Georg},
  booktitle={IEEE International Symposium on Approximate Dynamic Programming and Reinforcement Learning},
  year={2007},
}

@inproceedings{hausknecht2015,
  title = {Deep {{Recurrent Q}}-{{Learning}} for {{Partially Observable MDPs}}},
  booktitle = {{{Association for the Advancement of AI Fall Symposium Series}}},
  author = {Hausknecht, Matthew and Stone, Peter},
  year = {2015}
}

@article{heess2015,
  archivePrefix = {arXiv},
  eprinttype = {arxiv},
  eprint = {1512.04455},
  primaryClass = {cs},
  title = {Memory-Based Control with Recurrent Neural Networks},
  journal = {arXiv:1512.04455},
  author = {Heess, Nicolas and Hunt, Jonathan J. and Lillicrap, Timothy P. and Silver, David},
  year = {2015},
}

@article{zhu2017improving,
  title={On improving deep reinforcement learning for pomdps},
  author={Zhu, Pengfei and Li, Xin and Poupart, Pascal and Miao, Guanghui},
  journal={arXiv preprint arXiv:1704.07978},
  year={2017}
}

@incollection{oh2015,
  title = {Action-{{Conditional Video Prediction}} Using {{Deep Networks}} in {{Atari Games}}},
  booktitle = {Advances in {{Neural Information Processing Systems}} 28},
  author = {Oh, Junhyuk and Guo, Xiaoxiao and Lee, Honglak and Lewis, Richard L and Singh, Satinder},
  editor = {Cortes, C. and Lawrence, N. D. and Lee, D. D. and Sugiyama, M. and Garnett, R.},
  year = {2015}
}

@inproceedings{onat1998recurrent,
  title={Recurrent neural networks for reinforcement learning: architecture, learning algorithms and internal representation},
  author={Onat, Ahmet and Kita, Hajime and Nishikawa, Yoshikazu},
  booktitle={IEEE International Joint Conference on Neural Networks},
  volume={3},
  year={1998},
}

@inproceedings{bakker2002,
  title = {Reinforcement {{Learning}} with {{Long Short}}-{{Term Memory}}},
  booktitle = {Advances in {{Neural Information Processing Systems}} 14},
  author = {Bakker, Bram},
  editor = {Dietterich, T. G. and Becker, S. and Ghahramani, Z.},
  year = {2002}
}

%%%%%%
%
% Deep Reinforcement Learning (non-recurrent)
%
%%%%%%


@article{mnih2015human,
  title={{Human-level control through deep reinforcement learning}},
  author={Mnih, Volodymyr and Kavukcuoglu, Koray and Silver, David and Rusu, Andrei A and Veness, Joel and Bellemare, Marc G and Graves, Alex and Riedmiller, Martin and Fidjeland, Andreas K and Ostrovski, Georg and others},
  journal={nature},
  volume={518},
  number={7540},
  pages={529--533},
  year={2015},
  publisher={Nature Publishing Group}
}

@inproceedings{espeholt2018impala,
  title={{IMPALA: Scalable Distributed Deep-RL with Importance Weighted Actor-Learner Architectures}},
  author={Espeholt, Lasse and Soyer, Hubert and Munos, R{\'e}mi and Simonyan, Karen and Mnih, Volodymyr and Ward, Tom and Doron, Yotam and Firoiu, Vlad and Harley, Tim and Dunning, Iain and others},
  booktitle={International Conference on Machine Learning},
  year={2018}
}


@article{hessel2017,
  title = {Rainbow: {{Combining Improvements}} in {{Deep Reinforcement Learning}}},
  shorttitle = {Rainbow},
  author = {Hessel, Matteo and Modayil, Joseph and {van Hasselt}, Hado and Schaul, Tom and Ostrovski, Georg and Dabney, Will and Horgan, Dan and Piot, Bilal and Azar, Mohammad and Silver, David},
  year = {2017},
  journal = {arXiv:1710.02298 [cs]},
  eprint = {1710.02298},
  eprinttype = {arxiv},
  primaryclass = {cs},
  archiveprefix = {arXiv},
  keywords = {Computer Science - Artificial Intelligence,Computer Science - Machine Learning}
}

@article{vinyals2019grandmaster,
  title = {Grandmaster Level in {{StarCraft II}} Using Multi-Agent Reinforcement Learning},
  author = {Vinyals, Oriol and Babuschkin, Igor and Czarnecki, Wojciech M. and Mathieu, Micha{\"e}l and Dudzik, Andrew and Chung, Junyoung and Choi, David H. and Powell, Richard and Ewalds, Timo and Georgiev, Petko and Oh, Junhyuk and Horgan, Dan and Kroiss, Manuel and Danihelka, Ivo and Huang, Aja and Sifre, Laurent and Cai, Trevor and Agapiou, John P. and Jaderberg, Max and Vezhnevets, Alexander S. and Leblond, R{\'e}mi and Pohlen, Tobias and Dalibard, Valentin and Budden, David and Sulsky, Yury and Molloy, James and Paine, Tom L. and Gulcehre, Caglar and Wang, Ziyu and Pfaff, Tobias and Wu, Yuhuai and Ring, Roman and Yogatama, Dani and W{\"u}nsch, Dario and McKinney, Katrina and Smith, Oliver and Schaul, Tom and Lillicrap, Timothy and Kavukcuoglu, Koray and Hassabis, Demis and Apps, Chris and Silver, David},
  year = {2019},
  journal = {Nature}
}



%%%%
%
% Temporal Dependencies
%
%%%%

@article{chen2021decision,
  title={Decision transformer: Reinforcement learning via sequence modeling},
  author={Chen, Lili and Lu, Kevin and Rajeswaran, Aravind and Lee, Kimin and Grover, Aditya and Laskin, Misha and Abbeel, Pieter and Srinivas, Aravind and Mordatch, Igor},
  journal={Advances in Neural Information Processing Systems},
  volume={34},
  pages={15084--15097},
  year={2021}
}

@inproceedings{mishra2018simple,
  title={A Simple Neural Attentive Meta-Learner},
  author={Mishra, Nikhil and Rohaninejad, Mostafa and Chen, Xi and Abbeel, Pieter},
  booktitle={International Conference on Learning Representations},
  year={2018}
}

@inproceedings{parisotto2020stabilizing,
  title={Stabilizing transformers for reinforcement learning},
  author={Parisotto, Emilio and Song, Francis and Rae, Jack and Pascanu, Razvan and Gulcehre, Caglar and Jayakumar, Siddhant and Jaderberg, Max and Kaufman, Raphael Lopez and Clark, Aidan and Noury, Seb and others},
  booktitle={International Conference on Machine Learning},
  year={2020},
}

@article{vaswani2017attention,
  title={Attention is all you need},
  author={Vaswani, Ashish and Shazeer, Noam and Parmar, Niki and Uszkoreit, Jakob and Jones, Llion and Gomez, Aidan N and Kaiser, {\L}ukasz and Polosukhin, Illia},
  journal={Advances in Neural Information Processing Systems 30},
  year={2017}
}

@article{jaeger2002adaptive,
  title={Adaptive nonlinear system identification with echo state networks},
  author={Jaeger, Herbert},
  journal={Advances in Neural Information Processing Systems},
  volume={15},
  year={2002}
}

@incollection{sutton1995td,
  title={TD models: Modeling the world at a mixture of time scales},
  author={Sutton, Richard S},
  booktitle={Machine Learning},
  year={1995},
  publisher={Elsevier}
}

@inproceedings{van2021expected,
  title={Expected eligibility traces},
  author={van Hasselt, Hado and Madjiheurem, Sephora and Hessel, Matteo and Silver, David and Barreto, Andr{\'e} and Borsa, Diana},
  booktitle={Proceedings of the Association for the Advancement of AI Conference on Artificial Intelligence},
  year={2021}
}

@article{rafiee2020eye,
  title={From eye-blinks to state construction: Diagnostic benchmarks for online representation learning},
  author={Rafiee, Banafsheh and Abbas, Zaheer and Ghiassian, Sina and Kumaraswamy, Raksha and Sutton, Richard S and Ludvig, Elliot A and White, Adam},
  journal={Adaptive Behavior},
  year={2022},
  publisher={SAGE Publications Sage UK: London, England}
}

@article{sodhani2019toward,
  title={Toward Training Recurrent Neural Networks for Lifelong Learning},
  author={Sodhani, Shagun and Chandar, Sarath and Bengio, Yoshua},
  journal={Neural Computation},
  volume={32},
  number={1},
  pages={1--35},
  year={2019},
}

@article{dohare2021continual,
  title={Continual backprop: Stochastic gradient descent with persistent randomness},
  author={Dohare, Shibhansh and Mahmood, A Rupam and Sutton, Richard S},
  journal={arXiv preprint arXiv:2108.06325},
  year={2021}
}

@article{ke2018sparse,
  title={Sparse attentive backtracking: Temporal credit assignment through reminding},
  author={Ke, Nan Rosemary and Anirudh Goyal and Bilaniuk, Olexa and Binas, Jonathan and Mozer, Michael C and Pal, Chris and Bengio, Yoshua},
  journal={Advances in Neural Information Processing Systems},
  volume={31},
  year={2018}
}