
@article{bubic2010,
  title = {Prediction, Cognition and the Brain},
  author = {Bubic, Andreja and Von Cramon, D. Yves and Schubotz, Ricarda I.},
  year = {2010},
  journal = {Frontiers in Human Neuroscience}
}

@article{clark2013,
  title = {Whatever next? {{Predictive}} Brains, Situated Agents, and the Future of Cognitive Science},
  shorttitle = {Whatever Next?},
  author = {Clark, Andy},
  year = {2013},
  journal = {Behavioral and Brain Sciences},
  keywords = {action,attention,Bayesian brain,expectation,generative model,hierarchy,perception,precision,prediction,prediction error,predictive coding,top-down processing}
}

@incollection{butz2008,
  title = {Benefits of {{Anticipations}} in {{Cognitive Agents}}},
  booktitle = {The {{Challenge}} of {{Anticipation}}: {{A Unifying Framework}} for the {{Analysis}} and {{Design}} of {{Artificial Cognitive Systems}}},
  author = {Butz, Martin V. and Pezzulo, Giovanni},
  editor = {Pezzulo, Giovanni and Butz, Martin V. and Castelfranchi, Cristiano and Falcone, Rino},
  year = {2008},
  series = {Lecture {{Notes}} in {{Computer Science}}},
  publisher = {{Springer Berlin Heidelberg}},
  address = {{Berlin, Heidelberg}}
}
