
%% Created using Papers on Tue, 15 Jan 2019.
%% http://papersapp.com/papers/

@article{schlegel2019importance,
  title={Importance resampling for off-policy prediction},
  author={Schlegel, Matthew and Chung, Wesley and Graves, Daniel and Qian, Jian and White, Martha},
  journal={arXiv preprint arXiv:1906.04328},
  year={2019}
}

@inproceedings{schlegel2017stable,
  title={{Stable predictive representations with general value functions for continual learning}},
  author={Schlegel, Matthew and White, Adam and White, Martha},
  booktitle={Continual Learning and Deep Networks workshop at the Neural Information Processing System Conference},
  year={2017}
}

@inproceedings{schlegel2018discover,
  title={{A Baseline of Discovery for General Value Function Networks under Partial Observability}},
  author={Schlegel, Matthew and White, Adam and White, Martha},
  booktitle={Workshop on Reinforcement Learning under Partial Observability at Neural Information Processing System Conference},
  year={2018}
}

@article{schlegel2021general,
  title={General value function networks},
  author={Schlegel, Matthew and Jacobsen, Andrew and Abbas, Zaheer and Patterson, Andrew and White, Adam and White, Martha},
  journal={Journal of Artificial Intelligence Research},
  volume={70},
  pages={497--543},
  year={2021}
}

@inproceedings{jacobsen2019meta,
  title={Meta-descent for online, continual prediction},
  author={Jacobsen, Andrew and Schlegel, Matthew and Linke, Cameron and Degris, Thomas and White, Adam and White, Martha},
  booktitle={Proceedings of the AAAI Conference on Artificial Intelligence},
  volume={33},
  number={01},
  pages={3943--3950},
  year={2019}
}


@article{graves2020learning,
  title={{Learning predictive representations in autonomous driving to improve deep reinforcement learning}},
  author={Graves, Daniel and Nguyen, Nhat M and Hassanzadeh, Kimia and Jin, Jun},
  journal={arXiv preprint arXiv:2006.15110},
  year={2020}
}

@article{maltoni2019continuous,
  title={{Continuous learning in single-incremental-task scenarios}},
  author={Maltoni, Davide and Lomonaco, Vincenzo},
  journal={Neural Networks},
  volume={116},
  pages={56--73},
  year={2019},
  publisher={Elsevier}
}

@article{kemker2018measuring,
  title={{Measuring catastrophic forgetting in neural networks}},
  author={Kemker, Ronald and McClure, Marc and Abitino, Angelina and Hayes, Tyler and Kanan, Christopher},
  journal={AAAI Conference on Artificial Intelligence},
  year={2018}
}

@incollection{mccloskey1989catastrophic,
  title={{Catastrophic interference in connectionist networks: The sequential learning problem}},
  author={McCloskey, Michael and Cohen, Neal J},
  booktitle={Psychology of learning and motivation},
  volume={24},
  pages={109--165},
  year={1989},
  publisher={Elsevier}
}

@article{javed2020learning,
  title={{Learning causal models online}},
  author={Javed, Khurram and White, Martha and Bengio, Yoshua},
  journal={arXiv preprint arXiv:2006.07461},
  year={2020}
}

@inproceedings{dai2017learning,
  title={{Learning from conditional distributions via dual embeddings}},
  author={Dai, Bo and He, Niao and Pan, Yunpeng and Boots, Byron and Song, Le},
  booktitle={International Conference on Artificial Intelligence and Statistics},
  pages={1458--1467},
  year={2017}
}

@article{subramanian2020approximate,
  title={{Approximate information state for approximate planning and reinforcement learning in partially observed systems}},
  author={Subramanian, Jayakumar and Sinha, Amit and Seraj, Raihan and Mahajan, Aditya},
  journal={arXiv preprint arXiv:2010.08843},
  year={2020}
}

@article{finn2017model,
  title={{Model-agnostic meta-learning for fast adaptation of deep networks}},
  author={Finn, Chelsea and Abbeel, Pieter and Levine, Sergey},
  journal={International Conference on Machine Learning},
  year={2017}
}

@inproceedings{gunther2018predictions,
  title={{Predictions, surprise, and predictions of surprise in general value function architectures}},
  author={G{\"u}nther, Johannes and Kearney, Alex and Dawson, Michael R and Sherstan, Craig and Pilarski, Patrick M},
  booktitle={AAAI 2018 Fall Symposium on Reasoning and Learning in Real-World Systems for Long-Term Autonomy},
  pages={22--29},
  year={2018}
}

@inproceedings{sherstan2018directly,
  title={{Directly estimating the variance of the $\{$$\backslash$lambda$\}$-return using temporal-difference methods}},
  author={Sherstan, Craig and Bennett, Brendan and Young, Kenny and Ashley, Dylan R and White, Adam and White, Martha and Sutton, Richard S},
  booktitle={Conference on Uncertainty in Artificial Intelligence},
  year={2018}
}

@inproceedings{espeholt2018impala,
  title={{IMPALA: Scalable Distributed Deep-RL with Importance Weighted Actor-Learner Architectures}},
  author={Espeholt, Lasse and Soyer, Hubert and Munos, R{\'e}mi and Simonyan, Karen and Mnih, Volodymyr and Ward, Tom and Doron, Yotam and Firoiu, Vlad and Harley, Tim and Dunning, Iain and others},
  booktitle={International Conference on Machine Learning},
  year={2018}
}

@inproceedings{hausknecht2015deep,
  title={{Deep recurrent q-learning for partially observable mdps}},
  author={Hausknecht, Matthew and Stone, Peter},
  booktitle={AAAI Conference on Artificial Intelligence},
  year={2015}
}


@article{patterson2020investigating,
  title={{Investigating Objectives for Off-policy Value Estimation in Reinforcement Learning}},
  author={Patterson, Andrew and Ghiassian, Sina and Gupta, Dhawal and White, Adam and White, Martha},
  journal={In Preparation},
  year={2021}
}

@inproceedings{mujika2018approximating,
  title={{Approximating real-time recurrent learning with random kronecker factors}},
  author={Mujika, Asier and Meier, Florian and Steger, Angelika},
  booktitle={Advances in Neural Information Processing Systems},
  pages={6594--6603},
  year={2018}
}

@inproceedings{tallec2018unbiased,
author = {Tallec, Corentin and Ollivier, Yann},
title = {{Unbiased Online Recurrent Optimization}},
booktitle = {International Conference on Learning Representations},
year = {2018}
}

@inproceedings{benzing2019optimal,
  title={Optimal kronecker-sum approximation of real time recurrent learning},
  author={Benzing, Frederik and Gauy, Marcelo Matheus and Mujika, Asier and Martinsson, Anders and Steger, Angelika},
booktitle = {International Conference on Machine Learning},
  year={2019}
}

@inproceedings{trinh2018learning,
author = {Trinh, Trieu H and Dai, Andrew M and Luong, Minh-Thang and Le, Quoc V},
title = {{Learning longer-term dependencies in rnns with auxiliary losses}},
booktitle = {International Conference on Machine Learning},
year = {2018}
}

@article{pezzulo2008coordinating,
  title={Coordinating with the future: the anticipatory nature of representation},
  author={Pezzulo, Giovanni},
  journal={Minds and Machines},
  year={2008},
  publisher={Springer}
}
@article{banino2018vector,
  title={Vector-based navigation using grid-like representations in artificial agents},
  author={Banino, Andrea and Barry, Caswell and Uria, Benigno and Blundell, Charles and Lillicrap, Timothy and Mirowski, Piotr and Pritzel, Alexander and Chadwick, Martin J and Degris, Thomas and Modayil, Joseph and others},
  journal={Nature},
  year={2018},
}
@article{momennejad2018predicting,
author = {Momennejad, I and Howard, M W},
title = {{Predicting the future with multi-scale successor representations}},
journal = {biorxiv},
year = {2018}
}

@article{van2015learning,
  title={Learning to predict independent of span},
  author={van Hasselt, Hado and Sutton, Richard S},
  journal={arXiv:1508.04582},
  year={2015}
}

@article{ghiassian2018online,
author = {Ghiassian, Sina and Patterson, Andrew and White, Martha and Sutton, Richard S and White, Adam},
title = {{Online Off-policy Prediction.}},
journal = {arXiv:1811.02597},
year = {2018}
}

@article{bianchi2015short,
author = {Bianchi, Filippo Maria and De Santis, Enrico and Rizzi, Antonello and Sadeghian, Alireza},
title = {{Short-Term Electric Load Forecasting Using Echo State Networks and PCA Decomposition.}},
journal = {IEEE Access},
year = {2015}
}

@article{jaeger2004harnessing,
author = {Jaeger, Herbert and Haas, Harald},
title = {{Harnessing Nonlinearity: Predicting Chaotic Systems and Saving Energy in Wireless Communication}},
journal = {Science},
year = {2004}
}

@article{bianchi2017overview,
author = {Bianchi, Filippo Maria and Maiorino, Enrico and Kampffmeyer, Michael C and Rizzi, Antonello and Jenssen, Robert},
title = {{An overview and comparative analysis of Recurrent Neural Networks for Short Term Load Forecasting.}},
journal = {arXiv:1705.04378},
year = {2017}
}

@article{durrantwhyte2006simultaneous,
author = {Durrant-Whyte, H and Bailey, Tim},
title = {Simultaneous Localization and Mapping},
journal = {IEEE Robotics and Automation Magazine},
year = {2006}
}

@article{kaelbling1998planning,
author = {Kaelbling, Leslie Pack and Littman, Michael L and Cassandra, A R},
title = {{Planning and acting in partially observable stochastic domains}},
journal = {Artificial intelligence},
year = {1998}
}

@article{baum1966statistical,
author = {Baum, Leonard E and Petrie, Ted},
title = {{Statistical Inference for Probabilistic Functions of Finite State Markov Chains}},
journal = {The Annals of Mathematical Statistics},
year = {1966}
}

@inproceedings{sun2016learning,
author = {Sun, W and Venkatraman, A and Boots, B and Bagnell, J. Andrew},
title = {{Learning to filter with predictive state inference machines}},
booktitle = {International Conference on Machine Learning},
year = {2016}
}

@article{venkatraman2017predictive,
author = {Venkatraman, Arun and Rhinehart, Nicholas and Sun, Wen and Pinto, Lerrel and Hebert, Martial and Boots, Byron and Kitani, Kris and Bagnell, J},
title = {{Predictive-State Decoders: Encoding the Future into Recurrent Networks}},
journal = {Proceedings of the 31st International Conference on Neural Information Processing Systems
},
year = {2017}
}

@inproceedings{mccalum1996learning,
author = {McCallum, R A},
title = {{Learning to use selective attention and short-term memory in sequential tasks}},
booktitle = { International Conference on Simulation of Adaptive Behavior},
year = {1996}
}

@article{hopfield1982neural,
author = {Hopfield, J J},
title = {{Neural Network and Physical Systems with Emergent Collective Computational Abilities}},
journal = {Proceedings of the National Academy of Sciences of the United States of America},
year = {1982}
}

@inproceedings{lin1993reinforcement,
author = {Lin, Long-Ji and Mitchell, Tom M},
title = {{Reinforcement learning with hidden states}},
booktitle = { International Conference on Simulation of Adaptive Behavior},
year = {1993}
}

@article{lin1992,
  title = {Self-Improving Reactive Agents Based on Reinforcement Learning, Planning and Teaching},
  author = {Lin, Long-Ji},
  year = {1992},
  journal = {Machine Learning}
}


@inproceedings{choromanski2018initialization,
author = {Choromanski, Krzysztof and Downey, Carlton and Boots, Byron},
title = {{Initialization matters: Orthogonal Predictive State Recurrent Neural Networks}},
booktitle = { International Conference on Learning Representations},
year = {2018}
}

@inproceedings{downey2017predictive,
author = {Downey, Carlton and Hefny, Ahmed and Boots, Byron and Gordon, Geoffrey J and Li, Boyue},
title = {{Predictive State Recurrent Neural Networks}},
booktitle = {Advances in Neural Information Processing Systems},
year = {2017}
}

@article{pearlmutter1994fast,
author = {Pearlmutter, Barak A},
title = {{Fast Exact Multiplication by the Hessian}},
journal = {Neural Computation},
year = {1994}
}

@inproceedings{pascanu2013onthe,
author = {Pascanu, Razvan and Mikolov, Tomas and Bengio, Yoshua},
title = {{On the difficulty of training recurrent neural networks.}},
booktitle = {International Conference on Machine Learning},
year = {2013}
}

@phdthesis{sutskever2013training,
  title={{Training recurrent neural networks}},
  author={Sutskever, Ilya},
  year={2013},
  school={University of Toronto}
}

@ARTICLE{greff2017lstm,
author={K. {Greff} and R. K. {Srivastava} and J. {Koutník} and B. R. {Steunebrink} and J. {Schmidhuber}},
journal={IEEE Transactions on Neural Networks and Learning Systems},
title={LSTM: A Search Space Odyssey},
year={2017},
volume={28},
number={10},
pages={2222-2232}}

@inproceedings{Peters:2018,
  author={Peters, Matthew E. and  Neumann, Mark and Iyyer, Mohit and Gardner, Matt and Clark, Christopher and Lee, Kenton and Zettlemoyer, Luke},
  title={Deep contextualized word representations},
  booktitle={Proc. of NAACL},
  year={2018}
}

@inproceedings{cho2014properties,
author = {Cho, Kyunghyun and van Merrienboer, Bart and Bahdanau, Dzmitry and Bengio, Yoshua},
title = {{On the Properties of Neural Machine Translation: Encoder-Decoder Approaches}},
booktitle = {International Conference on Machine Learning},
year = {2014}
}

@article{hochreiter1997long,
author = {Hochreiter, Sepp and Schmidhuber, J{\"u}rgen},
title = {{Long Short-Term Memory}},
journal = {Neural Computation},
year = {1997}
}

@article{williams1989alearning,
author = {Williams, Ronald J and Zipser, David},
title = {{A Learning Algorithm for Continually Running Fully Recurrent Neural Networks.}},
journal = {Neural Computation},
year = {1989}
}

@inproceedings{graves2013speech,
author = {Graves, Alex and Mohamed, Abdel-rahman and Hinton, Geoffrey},
title = {{Speech recognition with deep recurrent neural networks}},
booktitle = {IEEE International Conference on Acoustics, Speech and Signal Processing},
year = {2013}
}

@inproceedings{sutton1992gain,
author = {Sutton, Richard S},
title = {{Gain Adaptation Beats Least Squares?}},
booktitle = {Seventh Yale Workshop on Adaptive and Learning Systems},
year = {1992}
}

@inproceedings{jaderberg2016reinforcement,
author = {Jaderberg, Max and Mnih, Volodymyr and Czarnecki, Wojciech Marian and Schaul, Tom and Leibo, Joel Z and Silver, David and Kavukcuoglu, Koray},
title = {{Reinforcement learning with unsupervised auxiliary tasks}},
booktitle = { International Conference on Learning Representations},
year = {2017}
}

@inproceedings{konidaris2011autonomous,
author = {Konidaris, George and Kuindersma, Scott and Grupen, Roderic A and Barto, Andrew G},
title = {{Autonomous Skill Acquisition on a Mobile Manipulator.}},
booktitle = {AAAI Conference on Artificial Intelligence},
year = {2011}
}

@inproceedings{fahlman1990cascade,
author = {Fahlman, Scott E and Lebiere, Christian},
title = {{The cascade-correlation learning architecture}},
booktitle = {Advances in Neural Information Processing Systems},
year = {1990}
}

@inproceedings{vezhnevets2016strategic,
author = {Vezhnevets, Alexander and Mnih, Volodymyr and Osindero, Simon and Graves, Alex and Vinyals, Oriol and Agapiou, John and {others}},
title = {{Strategic attentive writer for learning macro-actions}},
booktitle = {Advances in Neural Information Processing Systems},
year = {2016}
}

@inproceedings{rahimi2009weighted,
author = {Rahimi, Ali and Recht, Benjamin},
title = {{Weighted sums of random kitchen sinks: Replacing minimization with randomization in learning}},
booktitle = {Advances in Neural Information Processing Systems},
year = {2009}
}

@book{drescher1991made,
author = {Drescher, Gary L},
title = {{Made-up minds: a constructivist approach to artificial intelligence}},
publisher = {MIT press},
year = {1991}
}

@article{daniel2016probabilistic,
author = {Daniel, Christian and Van Hoof, Herke and Peters, Jan and Neumann, Gerhard},
title = {{Probabilistic inference for determining options in reinforcement learning}},
journal = {Machine Learning},
year = {2016}
}

@article{mann2015approximate,
author = {Mann, Timothy Arthur and Mannor, Shie and Precup, Doina},
title = {{Approximate Value Iteration with Temporally Extended Actions.}},
journal = {Journal of Artificial Intelligence Research},
year = {2015}
}

@article{becker1973model,
author = {Becker, Joseph D},
title = {{A model for the encoding of experiential information}},
journal = {Computer Models of Thought and Language},
year = {1973}
}

@inproceedings{mankowitz2016adaptive,
author = {Mankowitz, Daniel J and Mann, Timothy A and Mannor, Shie},
title = {{Adaptive Skills Adaptive Partitions (ASAP)}},
booktitle = {Advances in Neural Information Processing Systems},
year = {2016}
}

@book{Cunninghambook,
author = {Cunningham, Michael},
title = {{Intelligence: Its Organization and Development}},
publisher = {Academic Press.},
year = {1972}
}

@inproceedings{bacon2017theoption,
author = {Bacon, Pierre-Luc and Harb, Jean and Precup, Doina},
title = {{The Option-Critic Architecture.}},
booktitle = {AAAI Conference on Artificial Intelligence},
year = {2017}
}

@book{kushner2003stochastic,
author = {Kushner, H J and Yin, G},
title = {{Stochastic approximation and recursive algorithms and applications}},
publisher = {Springer}
}

@article{fan2011variable,
author = {Fan, Jianqing and Li, Runze},
title = {{Variable Selection via Nonconcave Penalized Likelihood and its Oracle Properties}},
journal = {Journal of the American Statistical Association},
year = {2011}
}

@article{giryes2015deep,
author = {Giryes, Raja and Sapiro, Guillermo and Bronstein, Alex M},
title = {{Deep Neural Networks with Random Gaussian Weights: A Universal Classification Strategy?}},
journal = {IEEE Transactions on Signal Processing},
year = {2015}
}

@article{bengio2013representation,
author = {Bengio, Yoshua and Courville, Aaron and Vincent, Pascal},
title = {{Representation learning: a review and new perspectives.}},
journal = {IEEE Transactions on Pattern Analysis and Machine Intelligence},
year = {2013}
}

@inproceedings{yu2015minimizing,
author = {Yu, Yaoliang and Zheng, Xun and Marchetti-Bowick, Micol and Xing, Eric P},
title = {{Minimizing Nonconvex Non-Separable Functions.}},
booktitle = {International Conference on Artificial Intelligence and Statistics},
year = {2015}
}

@inproceedings{wolfe2005learning,
author = {Wolfe, Britton and James, Michael R and Singh, Satinder},
title = {{Learning predictive state representations in dynamical systems without reset}},
booktitle = {International Conference on Machine Learning},
year = {2005}
}

@inproceedings{singh2003learning,
author = {Singh, S and Littman, M.L. and Jong, N K and Pardoe, D and Stone, P},
title = {{Learning predictive state representations}},
booktitle = {International Conference on Machine Learning},
year = {2003}
}

@inproceedings{mccracken2005online,
author = {McCracken, P and Bowling, Michael H},
title = {{Online discovery and learning of predictive state representations}},
booktitle = {Advances in Neural Information Processing Systems},
year = {2005}
}

@inproceedings{wiewiora2005learning,
author = {Wiewiora, Eric},
title = {{Learning predictive representations from a history}},
booktitle = {International Conference on Machine Learning},
year = {2005}
}

@inproceedings{james2004learning,
author = {James, Michael R and Singh, Satinder},
title = {{Learning and discovery of predictive state representations in dynamical systems with reset}},
booktitle = {International Conference on Machine Learning},
year = {2004}
}

@inproceedings{makino2008online,
author = {Makino, Takaki and Takagi, Toshihisa},
title = {{On-line discovery of temporal-difference networks.}},
booktitle = {International Conference on Machine Learning},
year = {2008}
}

@inproceedings{bowling2006learning,
author = {Bowling, Michael H and McCracken, Peter and James, Michael and Neufeld, James and Wilkinson, Dana F},
title = {{Learning predictive state representations using non-blind policies.}},
booktitle = {International Conference on Machine Learning},
year = {2006}
}

@inproceedings{vigorito2009temporal,
author = {Vigorito, Christopher M},
title = {{Temporal-Difference Networks for Dynamical Systems with Continuous Observations and Actions.}},
booktitle = {Conference on Uncertainty in Artificial Intelligence},
year = {2009}
}

@inproceedings{wolfe2006predictive,
author = {Wolfe, Britton and Singh, Satinder P},
title = {{Predictive state representations with options.}},
booktitle = {International Conference on Machine Learning},
year = {2006}
}

@inproceedings{white2017unifying,
author = {White, Martha},
title = {{Unifying task specification in reinforcement learning}},
booktitle = {International Conference on Machine Learning},
year = {2017}
}

@inproceedings{silver2012gradient,
author = {Silver, D},
title = {{Gradient Temporal Difference Networks}},
booktitle = {European Workshop on Reinforcement Learning},
year = {2012}
}

@inproceedings{tanner2005temporal,
author = {Tanner, B and Sutton, Richard S},
title = {{Temporal-Difference Networks with History.}},
booktitle = {International Joint Conference on Artificial Intelligence},
year = {2005}
}

@inproceedings{sutton2004temporal,
author = {Sutton, Richard S and Tanner, Brian},
title = {{Temporal-Difference Networks}},
booktitle = {Advances in Neural Information Processing Systems},
year = {2004}
}

@phdthesis{tanner2005thesis,
author = {Tanner, Brian},
title = {{Temporal-difference Networks}},
school = {University of Alberta},
year = {2005}
}

@inproceedings{tanner2005td,
author = {Tanner, Brian and Sutton, Richard S},
title = {{TD($\lambda$) networks}},
booktitle = {International Conference on Machine Learning},
year = {2005}
}

@inproceedings{white2016investigating,
author = {White, Adam M and White, Martha},
title = {{Investigating practical, linear temporal difference learning.}},
booktitle = {International Conference on Autonomous Agents and Multiagent Systems},
year = {2016}
}

@inproceedings{sutton2005temporal,
author = {Sutton, Richard S and Rafols, Eddie J and Koop, Anna},
title = {{Temporal Abstraction in Temporal-difference Networks.}},
booktitle = {Advances in Neural Information Processing Systems},
year = {2005}
}

@article{sutton2016anemphatic,
author = {Sutton, Richard S and Mahmood, A R and White, Martha},
title = {{An emphatic approach to the problem of off-policy temporal-difference learning.}},
journal = {The Journal of Machine Learning Research},
year = {2016}
}

@article{mahadevan2014proximal,
author = {Mahadevan, Sridhar and Liu, Bo and Thomas, Philip S and Dabney, William and Giguere, Stephen and Jacek, Nicholas and Gemp, Ian and Liu, Ji},
title = {{Proximal reinforcement learning: A new theory of sequential decision making in primal-dual spaces.}},
journal = {arXiv:1405.6757},
year = {2014}
}

@inproceedings{schaul2015universal,
author = {Schaul, Tom and Horgan, Daniel and Gregor, Karol and Silver, David},
title = {{Universal Value Function Approximators.}},
booktitle = {International Conference on Machine Learning},
year = {2015}
}

@inproceedings{vanseijen2014true,
author = {van Seijen, Harm and Sutton, Richard S},
title = {{True online TD(lambda)}},
booktitle = {International Conference on Machine Learning},
year = {2014}
}

@phdthesis{white2015thesis,
author = {White, Adam},
title = {{Developing a predictive approach to knowledge}},
school = {University of Alberta},
year = {2015}
}

@phdthesis{sherstan2020representation,
  title={Representation and General Value Functions},
  author={Sherstan, Craig},
  school = {University of Alberta},
  year={2020}
}

@inproceedings{schaul2013better,
author = {Schaul, Tom and Ring, Mark},
title = {{Better generalization with forecasts}},
booktitle = {International Joint Conference on Artificial Intelligence},
year = {2013}
}

@article{modayil2014multi,
author = {Modayil, Joseph and White, Adam and Sutton, Richard S},
title = {{Multi-timescale nexting in a reinforcement learning robot}},
journal = {Adaptive Behavior},
year = {2014}
}

@inproceedings{singh2004predictive,
author = {Singh, Satinder and James, Michael R and Rudary, Matthew R},
title = {{Predictive state representations: a new theory for modeling dynamical systems}},
booktitle = {Conference on Uncertainty in Artificial Intelligence},
year = {2004}
}

@article{sutton1988learning,
author = {Sutton, R.S.},
title = {{Learning to predict by the methods of temporal differences}},
journal = {Machine Learning},
year = {1988}
}

@inproceedings{andoni2014learning,
author = {Andoni, Alexandr and Panigrahy, Rina and Valiant, Gregory and Zhang, Li},
title = {{Learning polynomials with neural networks}},
booktitle = {International Conference on Machine Learning},
year = {2014}
}

@book{benveniste1990adaptive,
author = {Benveniste, Albert and Metivier, Michel and Priouret, Pierre},
title = {{Adaptive Algorithms and Stochastic Approximations}},
publisher = {Springer},
year = {1990}
}

@phdthesis{stolle2004automated,
author = {Stolle, M},
title = {{Automated discovery of options in reinforcement learning}},
school = {McGill University},
year = {2004}
}

@article{sutton1999between,
author = {Sutton, Richard S and Precup, Doina and Singh, Satinder},
title = {{Between MDPs and semi-MDPs: A framework for temporal abstraction in reinforcement learning}},
journal = {Artificial intelligence},
year = {1999}
}

@article{ljung2010perspectives,
author = {Ljung, L},
title = {{Perspectives on system identification}},
journal = {Annual Reviews in Control},
year = {2010}
}

@inproceedings{littman2001predictive,
author = {Littman, Michael L and Sutton, Richard S and Singh, S},
title = {{Predictive representations of state}},
booktitle = {Advances in Neural Information Processing Systems},
year = {2001}
}

@inproceedings{siddiqi2009reduced,
author = {Siddiqi, Sajid M and Boots, Byron and Gordon, Geoffrey J},
title = {{Reduced-rank hidden Markov models}},
booktitle = {International Conference on Artificial Intelligence and Statistics},
year = {2009}
}

@inproceedings{sutton2011horde,
author = {Sutton, Richard S and Modayil, J and Delp, M and Degris, T and Pilarski, P.M. and White, A and Precup, D},
title = {{Horde: A scalable real-time architecture for learning knowledge from unsupervised sensorimotor interaction}},
booktitle = {International Conference on Autonomous Agents and Multiagent Systems},
year = {2011}
}

@phdthesis{rafols2006temporal,
author = {Rafols, Eddie J},
title = {{Temporal abstraction in temporal-difference networks}},
school = {University of Alberta},
year = {2006}
}

@inproceedings{rafols2005using,
author = {Rafols, Eddie J and Ring, Mark B and Sutton, Richard S and Tanner, Brian},
title = {{Using predictive representations to improve generalization in reinforcement learning}},
booktitle = {International Joint Conference on Artificial Intelligence},
year = {2005}
}


@inproceedings{wingate2007discovery,
  title={On discovery and learning of models with predictive representations of state for agents with continuous actions and observations},
  author={Wingate, David and Singh, Satinder},
  booktitle={Proceedings of the 6th international joint conference on Autonomous agents and multiagent systems},
  pages={1--8},
  year={2007}
}

@article{hsu2012spectral,
author = {Hsu, D and Kakade, SM and Zhang, Tong},
title = {{A spectral algorithm for learning Hidden Markov Models}},
journal = {Journal of Computer and System Sciences},
year = {2012}
}

@inproceedings{Cortes2005regression,
author = {Cortes, Corinna and Mohri, Mehryar and Weston, Jason},
title = {{A general regression technique for learning transductions}},
booktitle = {International Conference on Machine Learning},
year = {2005}
}

@article{Sriperumbudur2010hilbert,
author = {Sriperumbudur, Bharath K. and Gretton, Arthur and Fukumizu, Kenji and Sch{\"o}lkopf, Bernhard and Lanckriet, Gert R. G.},
title = {{Hilbert space embeddings and metrics on probability measures}},
journal = {The Journal of Machine Learning Research},
year = {2010}
}

@inproceedings{rosencrantz2004learning,
author = {Rosencrantz, M and Gordon, G and Thrun, S},
title = {{Learning low dimensional predictive representations}},
booktitle = {International Conference on Machine Learning},
year = {2004}
}

@article{boots2011two,
author = {Boots, Byron and Gordon, Geoffrey J},
title = {{Two-manifold problems}},
journal = {arXiv:1206.4648},
year = {2011},
}

@phdthesis{maei2011gradient,
author = {Maei, H},
title = {{Gradient Temporal-Difference Learning Algorithms}},
school = {University of Alberta},
year = {2011}
}

@inproceedings{sutton1993online,
author = {Sutton, RS and Whitehead, SD},
title = {{Online learning with random representations}},
booktitle = {International Conference on Machine Learning},
year = {1993}
}

@inproceedings{rudary2005predictive,
author = {Rudary, M and Singh, S and Wingate, D},
title = {{Predictive linear-Gaussian models of stochastic dynamical systems}},
booktitle = {Conference on Uncertainty in Artificial Intelligence},
year = {2005}
}

@inproceedings{maei2010toward,
author = {Maei, H and Szepesv{\'a}ri, C and Bhatnagar, S and Sutton, R},
title = {{Toward Off-Policy Learning Control with Function Approximation}},
booktitle = {International Conference on Machine Learning},
year = {2010}
}

@inproceedings{wingate2006mixtures,
author = {Wingate, D and Singh, S},
title = {{Mixtures of predictive linear gaussian models for nonlinear, stochastic dynamical systems}},
booktitle = {AAAI Conference on Artificial Intelligence},
year = {2006}
}

@inproceedings{wingate2006kernel,
author = {Wingate, D and Singh, S},
title = {{Kernel predictive linear Gaussian models for nonlinear stochastic dynamical systems}},
booktitle = {International Conference on Machine Learning},
year = {2006}
}

@inproceedings{maei2010gq,
author = {Maei, H and Sutton, Richard S},
title = {{GQ ($\lambda$): A general gradient algorithm for temporal-difference prediction learning with eligibility traces}},
booktitle = {AGI},
year = {2010}
}

@inproceedings{sutton2009fast,
author = {Sutton, Richard S and Maei, H and Precup, D and Bhatnagar, S},
title = {{Fast gradient-descent methods for temporal-difference learning with linear function approximation}},
booktitle = {International Conference on Machine Learning},
year = {2009}
}

@inproceedings{sutton2009aconvergent,
author = {Sutton, Richard S and Szepesv{\'a}ri, C and Maei, H},
title = {{A convergent O (n) algorithm for off-policy temporal-difference learning with linear function approximation}},
booktitle = {Advances in Neural Information Processing Systems},
year = {2009}
}

@inproceedings{song2010hilbert,
author = {Song, Le and Boots, B and Siddiqi, S and Gordon, G and Smola, A},
title = {{Hilbert space embeddings of hidden Markov models}},
booktitle = {International Conference on Machine Learning},
year = {2010}
}

@inproceedings{Smola2003hilbert,
author = {Smola, A.J. and Vishwanathan, SVN},
title = {{Hilbert space embeddings in dynamical systems}},
booktitle = {Proceedings of the 13th IFAC Symposium on System Identification},
year = {2003}
}

@article{boots2011closing,
author = {Boots, B and Siddiqi, S.M. and Gordon, G.J.},
title = {{Closing the learning-planning loop with predictive state representations}},
journal = {The International Journal of Robotics Research},
year = {2011}
}

@inproceedings{maei2009convergent,
author = {Maei, HR and Szepesv{\'a}ri, C and Bhatnagar, S and Precup, D and Silver, D and Sutton, Richard S},
title = {{Convergent temporal-difference learning with arbitrary smooth function approximation}},
booktitle = {Advances in Neural Information Processing Systems},
year = {2009}
}

@inproceedings{sutton2007ontherole,
author = {Sutton, RS and Koop, A and Silver, D},
title = {{On the role of tracking in stationary environments}},
booktitle = {International Conference on Machine Learning},
year = {2007}
}


@inproceedings{mahmood2013representation,
  title = {Representation {{Search}} through {{Generate}} and {{Test}}.},
  booktitle = {{{AAAI Workshop}}: {{Learning Rich Representations}} from {{Low}}-{{Level Sensors}}},
  author = {Mahmood, Ashique Rupam and Sutton, Richard S},
  year = {2013}
}

@inproceedings{makino2008line,
  title={{On-line discovery of temporal-difference networks}},
  author={Makino, Takaki and Takagi, Toshihisa},
  booktitle={Proceedings of the 25th international conference on Machine learning},
  pages={632--639},
  year={2008}
}

@article{innes2018,
  author={Mike Innes},
  title={{Flux: Elegant Machine Learning with Julia}},
  journal={Journal of Open Source Software},
  year={2018},
  doi={10.21105/joss.00602}
}

@inproceedings{veeriah2019discovery,
  title={{Discovery of useful questions as auxiliary tasks}},
  author={Veeriah, Vivek and Hessel, Matteo and Xu, Zhongwen and Rajendran, Janarthanan and Lewis, Richard L and Oh, Junhyuk and van Hasselt, Hado P and Silver, David and Singh, Satinder},
  booktitle={Advances in Neural Information Processing Systems},
  pages={9306--9317},
  year={2019}
}

@inproceedings{bellemare2019geometric,
  title={{A geometric perspective on optimal representations for reinforcement learning}},
  author={Bellemare, Marc and Dabney, Will and Dadashi, Robert and Taiga, Adrien Ali and Castro, Pablo Samuel and Le Roux, Nicolas and Schuurmans, Dale and Lattimore, Tor and Lyle, Clare},
  booktitle={Advances in Neural Information Processing Systems},
  pages={4360--4371},
  year={2019}
}

@inproceedings{saon2017english,
  title={{English conversational telephone speech recognition by humans and machines}},
  author={Saon, George and Kurata, Gakuto and Sercu, Tom and Audhkhasi, Kartik and Thomas, Samuel and Dimitriadis, Dimitrios and Cui, Xiaodong and Ramabhadran, Bhuvana and Picheny, Michael and Lim, Lynn-Li and others},
  booktitle={Interspeech},
  year={2017}
}

@incollection{sutton1995td,
  title={TD models: Modeling the world at a mixture of time scales},
  author={Sutton, Richard S},
  booktitle={Machine Learning Proceedings 1995},
  pages={531--539},
  year={1995},
  publisher={Elsevier}
}

@article{gunther2016intelligent,
  title={Intelligent laser welding through representation, prediction, and control learning: An architecture with deep neural networks and reinforcement learning},
  author={G{\"u}nther, Johannes and Pilarski, Patrick M and Helfrich, Gerhard and Shen, Hao and Diepold, Klaus},
  journal={Mechatronics},
  volume={34},
  pages={1--11},
  year={2016},
  publisher={Elsevier}
}

@article{linke2020adapting,
  title={Adapting Behavior via Intrinsic Reward: A Survey and Empirical Study},
  author={Linke, Cam and Ady, Nadia M and White, Martha and Degris, Thomas and White, Adam},
  journal={Journal of Artificial Intelligence Research},
  volume={69},
  pages={1287--1332},
  year={2020}
}

@article{edwards2016application,
  title={Application of real-time machine learning to myoelectric prosthesis control: A case series in adaptive switching},
  author={Edwards, Ann L and Dawson, Michael R and Hebert, Jacqueline S and Sherstan, Craig and Sutton, Richard S and Chan, K Ming and Pilarski, Patrick M},
  journal={Prosthetics and orthotics international},
  volume={40},
  number={5},
  pages={573--581},
  year={2016},
  publisher={SAGE Publications Sage UK: London, England}
}

@article{rao1999predictive,
  title={Predictive coding in the visual cortex: a functional interpretation of some extra-classical receptive-field effects},
  author={Rao, Rajesh PN and Ballard, Dana H},
  journal={Nature neuroscience},
  volume={2},
  number={1},
  pages={79--87},
  year={1999},
  publisher={Nature Publishing Group}
}

@article{huang2011predictive,
  title={Predictive coding},
  author={Huang, Yanping and Rao, Rajesh PN},
  journal={Wiley Interdisciplinary Reviews: Cognitive Science},
  volume={2},
  number={5},
  pages={580--593},
  year={2011},
  publisher={Wiley Online Library}
}

@article{bubic2010prediction,
  title={Prediction, cognition and the brain},
  author={Bubic, Andreja and Von Cramon, D Yves and Schubotz, Ricarda I},
  journal={Frontiers in human neuroscience},
  volume={4},
  pages={25},
  year={2010},
  publisher={Frontiers}
}

@article{clark2013whatever,
  title={Whatever next? Predictive brains, situated agents, and the future of cognitive science},
  author={Clark, Andy},
  journal={Behavioral and brain sciences},
  volume={36},
  number={3},
  pages={181--204},
  year={2013},
  publisher={Cambridge University Press}
}

@book{hawkins2004intelligence,
  title={On intelligence},
  author={Hawkins, Jeff and Blakeslee, Sandra},
  year={2004},
  publisher={Macmillan}
}

@incollection{butz2003anticipatory,
  title={Anticipatory behavior: Exploiting knowledge about the future to improve current behavior},
  author={Butz, Martin V and Sigaud, Olivier and G{\'e}rard, Pierre},
  booktitle={Anticipatory behavior in adaptive learning systems},
  pages={1--10},
  year={2003},
  publisher={Springer}
}

@book{pezzulo2008challenge,
  title={The challenge of anticipation: A unifying framework for the analysis and design of artificial cognitive systems},
  author={Pezzulo, Giovanni and Butz, Martin V and Castelfranchi, Cristiano and Falcone, Rino},
  volume={5225},
  year={2008},
  publisher={Springer}
}

@article{schutz2007prospective,
  title={Prospective coding in event representation},
  author={Sch{\"u}tz-Bosbach, Simone and Prinz, Wolfgang},
  journal={Cognitive processing},
  volume={8},
  number={2},
  pages={93--102},
  year={2007},
  publisher={Springer}
}

@article{soga2009,
  title = {Predictive and Postdictive Mechanisms Jointly Contribute to Visual Awareness},
  author = {Soga, Ryosuke and Akaishi, Rei and Sakai, Katsuyuki},
  year = {2009},
  journal = {Consciousness and Cognition}
}

@article{synofzik2013,
  title = {The Experience of Agency: An Interplay between Prediction and Postdiction},
  shorttitle = {The Experience of Agency},
  author = {Synofzik, Matthis and Vosgerau, Gottfried and Voss, Martin},
  year = {2013},
  journal = {Frontiers in Psychology}
}


@inproceedings{precup2001off,
  title={Off-policy temporal-difference learning with function approximation},
  author={Precup, Doina and Sutton, Richard S and Dasgupta, Sanjoy},
  booktitle={ICML},
  pages={417--424},
  year={2001}
}

@inproceedings{mahmood2014,
  title = {Weighted Importance Sampling for Off-Policy Learning with Linear Function Approximation},
  booktitle = {Advances in {{Neural Information Processing Systems}} 27},
  author = {Mahmood, A. Rupam and {van Hasselt}, Hado P and Sutton, Richard S},
  editor = {Ghahramani, Z. and Welling, M. and Cortes, C. and Lawrence, N. D. and Weinberger, K. Q.},
  year = {2014},
  publisher = {{Curran Associates, Inc.}}
}

@inproceedings{mahmood2015off,
  title = {Off-Policy Learning Based on Weighted Importance Sampling with Linear Computational Complexity.},
  booktitle = {{{UAI}}},
  author = {Mahmood, Ashique Rupam and Sutton, Richard S},
  year = {2015},
  organization = {Citeseer}
}
@inproceedings{hallak2017consistent,
  title={Consistent on-line off-policy evaluation},
  author={Hallak, Assaf and Mannor, Shie},
  booktitle={International Conference on Machine Learning},
  pages={1372--1383},
  year={2017},
  organization={PMLR}
}

@inproceedings{liu2018breaking,
  title={Breaking the curse of horizon: infinite-horizon off-policy estimation},
  author={Liu, Qiang and Li, Lihong and Tang, Ziyang and Zhou, Dengyong},
  booktitle={Proceedings of the 32nd International Conference on Neural Information Processing Systems},
  pages={5361--5371},
  year={2018}
}

@article{mnih2015human,
  title={Human-level control through deep reinforcement learning},
  author={Mnih, Volodymyr and Kavukcuoglu, Koray and Silver, David and Rusu, Andrei A and Veness, Joel and Bellemare, Marc G and Graves, Alex and Riedmiller, Martin and Fidjeland, Andreas K and Ostrovski, Georg and others},
  journal={nature},
  volume={518},
  number={7540},
  pages={529--533},
  year={2015},
  publisher={Nature Publishing Group}
}

@article{schaul2015prioritized,
  title={Prioritized experience replay},
  author={Schaul, Tom and Quan, John and Antonoglou, Ioannis and Silver, David},
  journal={arXiv preprint arXiv:1511.05952},
  year={2015}
}

@inproceedings{riedmiller2018learning,
  title={Learning by playing solving sparse reward tasks from scratch},
  author={Riedmiller, Martin and Hafner, Roland and Lampe, Thomas and Neunert, Michael and Degrave, Jonas and Wiele, Tom and Mnih, Vlad and Heess, Nicolas and Springenberg, Jost Tobias},
  booktitle={International conference on machine learning},
  pages={4344--4353},
  year={2018},
  organization={PMLR}
}



@article{brockman2016openai,
  title={Openai gym},
  author={Brockman, Greg and Cheung, Vicki and Pettersson, Ludwig and Schneider, Jonas and Schulman, John and Tang, Jie and Zaremba, Wojciech},
  journal={arXiv preprint arXiv:1606.01540},
  year={2016}
}

@misc{lecun2010mnist,
  title={MNIST handwritten digit database},
  author={LeCun, Yann and Cortes, Corinna and Burges, Chris},
  year={2010},
  publisher={Florham Park, NJ, USA}
}

@article{glorot2010xavier,
  title={Xavier Initialization},
  author={Glorot, Xavier and Bengio, Yoshua},
  journal={Journal of Machine Learning Research, 2010b. ISSN},
  volume={15324435},
  year={2010}
}

@inproceedings{glorot2010understanding,
  title={Understanding the difficulty of training deep feedforward neural networks},
  author={Glorot, Xavier and Bengio, Yoshua},
  booktitle={Proceedings of the thirteenth international conference on artificial intelligence and statistics},
  pages={249--256},
  year={2010},
  organization={JMLR Workshop and Conference Proceedings}
}
