@inproceedings{singh2004predictive,
author = {Singh, Satinder and James, Michael R and Rudary, Matthew R},
title = {{Predictive state representations: a new theory for modeling dynamical systems}},
booktitle = {Conference on Uncertainty in Artificial Intelligence},
year = {2004}
}

@inproceedings{schaul2013better,
author = {Schaul, Tom and Ring, Mark},
title = {{Better generalization with forecasts}},
booktitle = {International Joint Conference on Artificial Intelligence},
year = {2013}
}

