@incollection{oh2015,
  title = {Action-{{Conditional Video Prediction}} Using {{Deep Networks}} in {{Atari Games}}},
  booktitle = {Advances in {{Neural Information Processing Systems}} 28},
  author = {Oh, Junhyuk and Guo, Xiaoxiao and Lee, Honglak and Lewis, Richard L and Singh, Satinder},
  editor = {Cortes, C. and Lawrence, N. D. and Lee, D. D. and Sugiyama, M. and Garnett, R.},
  year = {2015}
}

@inproceedings{onat1998recurrent,
  title={Recurrent neural networks for reinforcement learning: architecture, learning algorithms and internal representation},
  author={Onat, Ahmet and Kita, Hajime and Nishikawa, Yoshikazu},
  booktitle={IEEE International Joint Conference on Neural Networks},
  volume={3},
  year={1998},
}

@inproceedings{bakker2002,
  title = {Reinforcement {{Learning}} with {{Long Short}}-{{Term Memory}}},
  booktitle = {Advances in {{Neural Information Processing Systems}} 14},
  author = {Bakker, Bram},
  editor = {Dietterich, T. G. and Becker, S. and Ghahramani, Z.},
  year = {2002}
}

@inproceedings{wierstra2007solving,
  title={Solving deep memory POMDPs with recurrent policy gradients},
  author={Wierstra, Daan and Foerster, Alexander and Peters, Jan and Schmidhuber, Juergen},
  booktitle={International Conference on Artificial Neural Networks},
  year={2007},
}

@inproceedings{hausknecht2015,
  title = {Deep {{Recurrent Q}}-{{Learning}} for {{Partially Observable MDPs}}},
  booktitle = {{{Association for the Advancement of AI Fall Symposium Series}}},
  author = {Hausknecht, Matthew and Stone, Peter},
  year = {2015}
}

@article{heess2015,
  archivePrefix = {arXiv},
  eprinttype = {arxiv},
  eprint = {1512.04455},
  primaryClass = {cs},
  title = {Memory-Based Control with Recurrent Neural Networks},
  journal = {arXiv:1512.04455},
  author = {Heess, Nicolas and Hunt, Jonathan J. and Lillicrap, Timothy P. and Silver, David},
  year = {2015},
}
