@inproceedings{mikolov2010recurrent,
  title={Recurrent neural network based language model},
  author={Mikolov, Tom{\'a}{\v{s}} and Karafi{\'a}t, Martin and Burget, Luk{\'a}{\v{s}} and {\v{C}}ernock{\`{y}}, Jan and Khudanpur, Sanjeev},
  booktitle={Eleventh Annual Conference of the International Speech Communication Association},
  year={2010}
}

@inproceedings{tiang2016,
title = {Larger-context language modelling with recurrent neural network},
author = {Tian Wang and Kyunghyun Cho},
year = {2016},
series = {54th Annual Meeting of the Association for Computational Linguistics},
booktitle = {54th Annual Meeting of the Association for Computational Linguistics},
}

@inproceedings{Saon2017,
  author={George Saon and Gakuto Kurata and Tom Sercu and Kartik Audhkhasi and Samuel Thomas and Dimitrios Dimitriadis and Xiaodong Cui and Bhuvana Ramabhadran and Michael Picheny and Lynn-Li Lim and Bergul Roomi and Phil Hall},
  title={English Conversational Telephone Speech Recognition by Humans and Machines},
  year=2017,
  booktitle={Proc. Interspeech 2017},
}

@inproceedings{wang2018eidetic,
  title={Eidetic 3d lstm: A model for video prediction and beyond},
  author={Wang, Yunbo and Jiang, Lu and Yang, Ming-Hsuan and Li, Li-Jia and Long, Mingsheng and Fei-Fei, Li},
  booktitle={International Conference on Learning Representations},
  year={2018}
}

@article{hochreiter1997,
author = {Hochreiter, Sepp and Schmidhuber, J{\"u}rgen},
title = {{Long Short-Term Memory}},
journal = {Neural Computation},
year = 1997
}

@inproceedings{sutskever2011,
  title = {Generating Text with Recurrent Neural Networks},
  booktitle = {{{International Conference}} on {{Machine Learning}}},
  author = {Sutskever, Ilya and Martens, James and Hinton, Geoffrey},
  year = {2011},
}

@inproceedings{cho2014,
  title = {On the {{Properties}} of {{Neural Machine Translation}}: {{Encoder}}\textendash{{Decoder Approaches}}},
  shorttitle = {On the {{Properties}} of {{Neural Machine Translation}}},
  booktitle = {Proceedings of {{SSST}}-8, {{Eighth Workshop}} on {{Syntax}}, {{Semantics}} and {{Structure}} in {{Statistical Translation}}},
  author = {Cho, Kyunghyun and {van Merri{\"e}nboer}, Bart and Bahdanau, Dzmitry and Bengio, Yoshua},
  year = {2014},
}

@inproceedings{chung2014empirical,
  title={Empirical evaluation of gated recurrent neural networks on sequence modeling},
  author={Chung, Junyoung and Gulcehre, Caglar and Cho, Kyunghyun and Bengio, Yoshua},
  booktitle={NeurIPS 2014 Workshop on Deep Learning, December 2014},
  year={2014}
}

@article{chandar2019,
  title = {Towards {{Non}}-Saturating {{Recurrent Units}} for {{Modelling Long}}-Term {{Dependencies}}},
  journal={Proceedings of the Association for the Advancement of AI Conference on Artificial Intelligence},
  author = {Chandar, Sarath and Sankar, Chinnadhurai and Vorontsov, Eugene and Kahou, Samira Ebrahimi and Bengio, Yoshua},
  year = 2019
}

@incollection{wu2016,
  title = {On {{Multiplicative Integration}} with {{Recurrent Neural Networks}}},
  booktitle = {Advances in {{Neural Information Processing Systems}} 29},
  author = {Wu, Yuhuai and Zhang, Saizheng and Zhang, Ying and Bengio, Yoshua and Salakhutdinov, Russ R},
  editor = {Lee, D. D. and Sugiyama, M. and Luxburg, U. V. and Guyon, I. and Garnett, R.},
  year = {2016},
}

@article{goudreau1994,
  title = {First-Order versus Second-Order Single-Layer Recurrent Neural Networks},
  author = {Goudreau, M.W. and Giles, C.L. and Chakradhar, S.T. and Chen, D.},
  year = {1994},
  journal = {IEEE Transactions on Neural Networks}
}

@article{zhu2017improving,
  title={On improving deep reinforcement learning for pomdps},
  author={Zhu, Pengfei and Li, Xin and Poupart, Pascal and Miao, Guanghui},
  journal={arXiv preprint arXiv:1704.07978},
  year={2017}
}

@inproceedings{igl2018deep,
  title={Deep variational reinforcement learning for POMDPs},
  author={Igl, Maximilian and Zintgraf, Luisa and Le, Tuan Anh and Wood, Frank and Whiteson, Shimon},
  booktitle={International Conference on Machine Learning},
  pages={2117--2126},
  year={2018},
  organization={PMLR}
}

@article{mozer1995focused,
  title={A focused backpropagation algorithm for temporal},
  author={Mozer, Michael C},
  journal={Backpropagation: Theory, architectures, and applications},
  year={1995}
}