@article{bianchi2017overview,
author = {Bianchi, Filippo Maria and Maiorino, Enrico and Kampffmeyer, Michael C and Rizzi, Antonello and Jenssen, Robert},
title = {{An overview and comparative analysis of Recurrent Neural Networks for Short Term Load Forecasting.}},
journal = {arXiv:1705.04378},
year = {2017}
}