
%%%%%%%%%%%%%%%%%%%%%%%%%%%%%%%%%%%%%%%%%%%%%%%%%%%%%%%%%%%%
%
%                       My Papers
%
%%%%%%%%%%%%%%%%%%%%%%%%%%%%%%%%%%%%%%%%%%%%%%%%%%%%%%%%%%%%

@inproceedings{schlegel2017stable,
  title={{Stable predictive representations with general value functions for continual learning}},
  author={Schlegel, Matthew and White, Adam and White, Martha},
  booktitle={Continual Learning and Deep Networks workshop at the Neural Information Processing System Conference},
  year={2017}
}

@article{kumaraswamy2018context,
  title={Context-dependent upper-confidence bounds for directed exploration},
  author={Kumaraswamy, Raksha and Schlegel, Matthew and White, Adam and White, Martha},
  journal={Advances in Neural Information Processing Systems},
  volume={32},
  year={2018}
}

@inproceedings{schlegel2018discover,
  title={{A Baseline of Discovery for General Value Function Networks under Partial Observability}},
  author={Schlegel, Matthew and White, Adam and White, Martha},
  booktitle={Workshop on Reinforcement Learning under Partial Observability at Neural Information Processing System Conference},
  year={2018}
}

@article{schlegel2019importance,
  title={Importance resampling for off-policy prediction},
  author={Schlegel, Matthew and Chung, Wesley and Graves, Daniel and Qian, Jian and White, Martha},
  journal={arXiv preprint arXiv:1906.04328},
  year={2019}
}

@inproceedings{jacobsen2019meta,
  title={Meta-descent for online, continual prediction},
  author={Jacobsen, Andrew and Schlegel, Matthew and Linke, Cameron and Degris, Thomas and White, Adam and White, Martha},
  booktitle={Proceedings of the AAAI Conference on Artificial Intelligence},
  volume={33},
  number={01},
  pages={3943--3950},
  year={2019}
}

@article{schlegel2021investigating,
  title={Investigating Action Encodings in Recurrent Networks for RL},
  author={Schlegel, Matthew and Tkachuk, Volodymyr and White, Martha},
  journal={In-progress},
  year={2021}
}

@article{schlegel2021general,
  title={General value function networks},
  author={Schlegel, Matthew and Jacobsen, Andrew and Abbas, Zaheer and Patterson, Andrew and White, Adam and White, Martha},
  journal={Journal of Artificial Intelligence Research},
  volume={70},
  pages={497--543},
  year={2021}
}

@article{gupta2021structural,
  title={Structural Credit Assignment in Neural Networks using Reinforcement Learning},
  author={Gupta, Dhawal and Mihucz, Gabor and Schlegel, Matthew and Kostas, James and Thomas, Philip S and White, Martha},
  journal={Advances in Neural Information Processing Systems},
  volume={34},
  year={2021}
}

@article{mcleod2021continual,
  title={Continual Auxiliary Task Learning},
  author={McLeod, Matthew and Lo, Chunlok and Schlegel, Matthew and Jacobsen, Andrew and Kumaraswamy, Raksha and White, Martha and White, Adam},
  journal={Advances in Neural Information Processing Systems},
  volume={34},
  year={2021}
}


%%%%%%%
%
% General
%
%%%%%%%

